2666 4109
704 196 940 266 Tamus}
958 199 997 267 l.
1014 193 1176 267 Pars
1207 194 1268 268 Is
1279 193 1546 296 Quaestib
1567 202 1729 275 XVI.
1760 213 1902 280 Art.
1923 211 2010 279 VI.

331 290 433 328 butio
455 290 497 325 ad
515 294 668 338 primum
687 301 748 329 ens
761 318 772 334 ‚
788 290 820 326 ἃ
837 292 900 328 stat
917 304 998 327 cum
1016 295 1293 339 univocatione,

331 351 398 376 non
417 340 659 387 refragamur.
674 342 746 378 Sed
765 340 799 376 id
819 343 986 390 exemplo
999 347 1116 378 minus
1131 355 1216 390 apto
1233 344 1292 380 de-

330 390 510 432 claratum
539 395 621 438 quia
639 393 767 436 sanitas
787 393 934 426 omnino
964 394 1146 438 aequivoce
1159 393 1292 429 dicitur

330 439 374 475 cle
390 440 532 476 sanitate
547 442 835 484 animalis,urina,
850 440 881 475 8(
897 441 1083 485 medicina3
1103 441 1183 478 licet
1199 446 1291 478 enim

1372 298 1794 347 gibileimparticipatum
1810 318 1821 348 ς
1845 315 1912 342 non
1925 314 2041 344 tamen
2052 308 2181 346 habent
2200 320 2332 354 cogno-

1370 347 1492 394 stiper
1503 349 1739 394 cognoscibile
1758 356 2109 401 imparticipatum.th
2124 360 2331 405 cognitum3
2371 359 2453 403 ¹''¹j’'
2478 369 2494 383 ι.
2519 368 2527 388 1
2556 370 2565 388 ,

1373 396 1430 454 sed
1444 396 1580 434 tanturn
1593 408 1636 434 ut
1652 411 1713 447 per
1727 404 1865 438 causam
1883 403 2027 441 dantem
2043 407 2100 443 libi
2115 409 2181 455 effe
2193 436 2201 444 .
2217 408 2330 442 Porro
2363 391 2389 447 ᾗ
2402 404 2416 453 J
2428 394 2579 452 (ψῗῗᾛρ-

1369 457 1470 494 CUJUS
1512 449 1667 491 virtute,
1689 459 1729 484 ut
1755 451 1940 490 efficientis
1960 454 2008 491 est
2036 450 2170 504 aliquid
2197 458 2330 493 intelle·
2362 457 2488 481 “wlm-

85 344 109 366 ⁴·
121 332 175 358 dist.
189 337 298 361 12-22-1·

85 441 125 467 ne
151 440 188 464 his
210 439 296 464 adium

85 478 299 507 5.13·aert·.n·t.10.

132 2177 214 2205 odlib.
222 2188 247 2210 q.
259 2188 268 2205 ι
274 2189 299 2211 q·

133 2208 181 2236 Hie
202 2212 302 2238 intelli-

83 2243 191 2273 gendum
199 2262 209 2271 .

91 2780 179 2808 ..dish
197 2787 221 2812 ς.
237 2790 265 2812 q.
277 2789 301 2814 3.

88 2813 116 2846 §-
133 2812 191 2839 Alia
203 2814 231 2845 est
248 2817 302 2848 opi--

88 2849 130 2872 m·-
144 2861 152 2869 .
168 2848 202 2872 V.
214 2847 304 2873 Pute-

88 2888 145 2905 rra·

92 3247 141 3273 Ubi
154 3249 224 3279 finam
236 3248 301 3280 §.Ad

86 3279 217 3338 ,ξετέἳὶαω
225 3284 303 3308 ratio·

326 488 455 525 sanitas
469 489 508 525 fit
522 489 659 535 eadem,
671 503 748 539 quie
760 490 807 526 est
823 496 853 526 in
873 491 1014 526 animali
1033 491 1246 535 formaliter,
1259 492 1292 526 3<

326 549 404 585 quae
419 538 638 586 significatur
650 553 713 588 per
723 544 859 576 urinam
871 553 882 581 ς
912 542 1165 588 tamenfiznrtm
1179 543 1290 589 impo-

330 589 431 624 situm
447 589 490 625 ad
504 588 751 625 denotandum
770 591 905 626 habens
934 590 1119 626 sanitatem
1137 591 1292 627 formali-

329 651 383 675 ter
395 639 643 685 ‚&ut‘lignum
657 666 667 682 ,
697 639 745 674 est
757 645 899 675 omnino
927 644 1149 688 :equivocum
1168 654 1178 684 ς
1207 645 1290 689 quia

329 693 365 725 in
377 693 476 724 urina
491 715 501 732 ,
533 689 613 724 &in
628 688 802 725 medicina
817 702 884 725 non
901 690 950 725 est
973 691 1088 739 aliqua
1105 691 1217 727 forma
1233 691 1292 726 ab·

329 738 470 781 solutast
484 751 552 786 qua
566 738 731 774 dicantur
745 739 843 787 Γαηςς
873 738 944 775 esto
955 739 992 775 fit
1006 744 1037 776 in
1050 740 1127 788 ipfis
1142 739 1298 789 aliquod

331 790 529 825 absolutum
543 815 553 831 ‚
578 789 678 837 super
694 789 790 836 quod
815 788 986 825 fundatur
1010 795 1101 827 ratio
1116 789 1200 837 ligni
1218 819 1227 834 ‚
1257 790 1291 825 8<

330 837 483 875 effectivi
500 839 671 881 sanitatis,
699 850 845 886 propter
857 852 962 887 quem
974 841 1104 876 exinde
1131 841 1291 876 ordinem

328 889 376 926 ad
393 889 600 931 sanitatem,
625 888 831 925 extenditur
845 890 887 925 ad
913 890 981 937 ipsa
1009 903 1135 926 nomen
1146 890 1292 936 fimum,

330 940 509 988 aequivoce
524 947 643 974 tamen
662 965 672 982 ‚
698 937 808 988 Qod
825 951 910 976 vero
936 952 1027 976 unus
1058 939 1099 975 fit
1129 941 1292 976 veritatis

329 997 525 1037 conceptus
539 1016 549 1031 ,
562 998 671 1035 prout
685 988 733 1025 est
745 995 833 1026 entis
848 989 954 1039 pallio
981 989 1197 1026 suadeturiis
1213 1002 1288 1025 om-

329 1041 447 1083 nibus,
464 1040 594 1086 quibus
608 1038 782 1086 probatur
794 1045 896 1077 unica
912 1044 1003 1076 ratio
1018 1039 1161 1087 subjecti
1177 1039 1294 1087 ipsius,

332 1091 376 1126 de
388 1102 460 1137 quo
474 1089 590 1125 atium
608 1090 707 1139 supra
720 1115 730 1131 ‚
745 1103 775 1138 q.
790 1101 822 1136 4.
837 1101 942 1139 art.3.
957 1090 995 1131 ἐξ
1010 1105 1041 1139 q.
1063 1102 1111 1137 13.
1131 1089 1290 1136 art.5.Et

330 1141 474 1189 quidem
490 1138 556 1175 effe
574 1139 620 1174 sui
637 1139 839 1176 manifestati
851 1153 933 1176 vum
948 1141 1138 1177 intelleetui
1157 1143 1289 1187 potenti

332 1202 410 1226 eam
429 1187 744 1227 manifestationem
758 1191 987 1237 cognoscere,
1022 1203 1129 1226 unum
1150 1190 1292 1225 omnino

333 1250 546 1288 conceptum
563 1239 650 1274 dicit
665 1239 821 1289 respeetu
835 1246 992 1277 omnium
1007 1240 1294 1287 intelligibilium,

334 1289 397 1328 etfi
412 1290 544 1336 gradus
560 1289 687 1326 deinde
703 1290 831 1327 habeat
843 1292 951 1339 juxta
968 1290 1164 1338 majorem,
1178 1289 1212 1324 8<
1228 1293 1293 1324 mi-

333 1352 458 1377 norem
476 1343 610 1375 entium
631 1339 882 1387 perfectionem
896 1341 1032 1384 essendi,
1047 1344 1128 1388 quia
1145 1348 1292 1375 tantun-
1311 1344 1313 1346 ’

333 1389 413 1427 dem
428 1388 703 1436 unumquodque
715 1389 765 1426 est
777 1392 1001 1437 intelligibile
1018 1418 1028 1434 ‚
1042 1397 1216 1437 quantum
1231 1390 1293 1424 ha-

334 1442 392 1477 bet
405 1443 563 1476 entitatis
577 1467 585 1475 .
607 1439 676 1474 Sed
690 1439 712 1474 si
733 1439 899 1488 perfectio
912 1444 1006 1477 entis
1023 1439 1072 1476 est
1088 1441 1228 1475 bonitas
1245 1443 1293 1485 ip-

332 1490 474 1538 fius‚qui
489 1489 563 1525 lieri
581 1488 705 1535 potest,
720 1499 760 1525 ut
780 1503 905 1528 verum
919 1491 960 1527 lit
975 1495 1071 1531 prius
1086 1490 1195 1532 bono,
1212 1489 1292 1524 ciim

294 1561 298 1564 ·
332 1553 379 1578 ex
394 1543 554 1577 bonitate
580 1538 621 1574 sit
653 1541 944 1588 intelligibilitas,
968 1541 1002 1576 8<
1028 1545 1084 1578 vis
1101 1540 1130 1575 se
1147 1538 1293 1574 manife-

331 1591 441 1628 standi
458 1591 568 1639 major
582 1588 636 1633 ,δε
655 1594 796 1628 minor?
822 1590 1038 1639 Responsio:
1069 1591 1149 1624 Hoc
1166 1591 1292 1636 probat

331 1642 376 1677 de
389 1642 546 1677 bonitate
561 1639 726 1676 effentiali
740 1668 750 1683 ,
766 1653 835 1677 non
850 1640 893 1677 de
907 1653 1038 1689 eaquae
1051 1638 1099 1676 est
1112 1644 1206 1674 entis
1220 1638 1294 1685 pas-

333 1691 405 1735 s103
430 1689 527 1738 quod
547 1689 569 1725 fi
585 1692 677 1733 haec,
701 1690 734 1725 &
749 1692 803 1728 illa
816 1691 1017 1726 coincidunt
1033 1692 1066 1725 in
1080 1689 1225 1724 eandem
1240 1701 1296 1724 ra-

333 1743 467 1779 tionem
484 1741 752 1789 conceptibilem
766 1769 777 1784 ‚
795 1743 863 1776 hoc
879 1740 926 1776 est
941 1741 1035 1788 quod
1048 1739 1233 1774 dicebatur
1242 1738 1295 1773 su-

333 1804 401 1842 pra
415 1791 567 1828 articulo
584 1803 616 1837 4,
632 1790 761 1826 scilicet
777 1818 788 1834 ‚
813 1802 873 1826 eas
886 1793 976 1825 entis
1008 1788 1177 1837 pastiones
1195 1789 1295 1824 aliter

333 1841 399 1879 else
417 1840 597 1888 dispofitas
610 1852 656 1876 ex
668 1850 796 1876 natura
811 1850 935 1875 aarum
949 1867 960 1883 ‚
987 1838 1058 1876 aea
1073 1839 1172 1875 nobis
1192 1839 1293 1875 intel·

333 1894 492 1939 ligantur
508 1917 519 1933 ‚
546 1889 578 1924 8<
593 1889 815 1926 declarentur
829 1917 839 1928 .

384 1940 446 1978 Est
459 1952 545 1988 ergo
556 1938 759 1983 dicendum,
772 1941 1049 1990 unumquodque
1065 1951 1232 1976 verorum
1247 1939 1296 1975 es-

331 1992 363 2028 se
379 1992 450 2028 tale
463 1991 621 2038 propria,
633 1989 763 2037 sibique
780 1992 962 2029 intrinseca
977 2020 986 2035 ‚
1002 2004 1043 2029 ac
1056 1994 1298 2040 proportiona-

332 2051 367 2077 ta
387 2043 538 2079 veritate
553 2068 564 2083 ,
577 2040 764 2077 secundum
781 2040 932 2088 gradum
946 2042 1084 2084 essendi,
1101 2040 1133 2075 8<
1147 2053 1214 2077 non
1233 2053 1297 2075 ve·

331 2088 440 2128 ritate
458 2090 580 2126 divina
597 2117 608 2132 .
639 2090 696 2126 nili
716 2091 901 2127 secundum
917 2094 1226 2139 participationem
1241 2119 1250 2134 ‚
1264 2091 1298 2125 &

331 2138 534 2177 effectivam
549 2140 823 2184 causalitatem3
851 2140 947 2178 ficuti
978 2146 1011 2178 in
1045 2141 1142 2176 simili
1165 2140 1299 2177 difturn

335 2191 407 2227 fuit
417 2190 460 2227 de
478 2190 638 2228 bonitate
651 2218 663 2235 ‚
675 2190 858 2240 quaestione
869 2193 906 2227 6.
923 2202 992 2228 art.
1007 2204 1041 2240 4.
1057 2192 1151 2227 Nam
1166 2195 1298 2227 veritas

333 2243 449 2290 prima
461 2268 473 2284 ‚
501 2240 536 2276 8<
552 2237 689 2277 infinita
706 2242 838 2277 nullum
855 2242 1014 2278 ordinem
1040 2243 1233 2277 naturalem
1248 2242 1301 2276 di-

332 2295 381 2329 cit
394 2291 438 2329 ad
456 2290 675 2328 intelleftum
688 2301 848 2328 creatum
863 2304 873 2326 z
901 2294 984 2340 quia
998 2290 1204 2336 accipiendo
1226 2303 1300 2327 mo·

335 2343 474 2378 tionem
488 2340 681 2383 extenfive‚
693 2342 934 2388 &improprie
948 2370 958 2385 ‚
987 2345 1131 2376 omnino
1146 2345 1298 2389 primum

336 2388 469 2429 mobile
482 2391 644 2428 motione
657 2391 808 2427 naturali
820 2391 869 2427 est
883 2391 1085 2428 intellthus
1099 2391 1251 2435 divinus,
1267 2391 1302 2426 8<

335 2446 490 2492 primum
504 2441 599 2477 illius
617 2446 794 2477 motivum
821 2442 961 2478 essentia
988 2441 1136 2483 infinita,
1162 2453 1238 2489 quae
1251 2442 1299 2478 est

335 2495 450 2542 prima
467 2493 840 2539 veritas,primu1nque
855 2492 1100 2536 intelligibile3
1132 2503 1198 2527 non
1209 2504 1296 2537 ergo

336 2539 384 2579 est
397 2541 468 2576 haec
483 2544 617 2577 veritas
634 2539 654 2578 ἐι
671 2542 774 2577 nobis
790 2541 1017 2588 intelligibilis
1032 2544 1164 2576 virtute
1178 2543 1298 2578 causa-

333 2603 411 2629 rum
434 2591 643 2628 naturaliter
670 2591 715 2627 ad
738 2591 892 2628 nostram
925 2594 1162 2638 cognitionem
1191 2602 1300 2638 agen-

331 2640 525 2682 tium:Sed
537 2639 789 2688 fiintelligatur
816 2668 826 2683 ‚
858 2642 889 2678 id
904 2640 1063 2689 profecto
1080 2645 1148 2677 erit
1163 2653 1232 2677 non
1248 2652 1295 2678 ex

331 2693 510 2742 principio
526 2693 675 2728 naturali
692 2719 703 2736 ‚
719 2692 772 2728 sed
789 2692 900 2727 libero
913 2718 921 2726 .
936 2691 1031 2727 Cum
1050 2694 1163 2737 igitur
1179 2693 1296 2728 virtu-

330 2754 365 2785 te
379 2742 581 2779 inteileftus
595 2745 736 2789 agentis
752 2743 935 2788 complura
946 2740 1083 2790 objecta
1101 2767 1111 2782 ,
1133 2743 1204 2776 imo
1216 2755 1295 2777 om-

333 2798 392 2830 nia
403 2792 515 2836 finita,
526 2791 589 2828 lint
607 2793 711 2828 nobis
723 2792 928 2828 naturaliter
943 2790 1175 2837 intelligibilia
1192 2817 1202 2834 ‚
1216 2803 1292 2828 mo-

332 2844 379 2883 do
407 2856 476 2879 non
502 2843 682 2879 includant
693 2842 858 2878 ordinem
870 2841 1081 2879 essentialem
1109 2840 1155 2876 ad
1171 2845 1294 2878 termi-

331 2888 416 2933 num
430 2891 621 2936 infinitum,
659 2892 807 2929 evidens
820 2891 868 2928 est
881 2903 1093 2941 quaecunque
1108 2892 1292 2939 cognosci-

332 2957 414 2981 mus
426 2972 437 2989 ‚
454 2942 557 2992 atque
571 2942 763 2990 intelligere
778 2942 957 2990 possumus
974 2971 984 2987 ‚
999 2953 1069 2978 non
1085 2941 1150 2979 effe
1168 2943 1294 2979 intelli-

333 2995 458 3043 gibilia
472 3021 482 3037 ‚
499 2995 555 3030 seu
574 2992 619 3029 sui
632 2992 890 3029 manifestativa
908 3021 919 3037 ,
938 2993 972 3028 8(
989 3004 1073 3029 vera
1087 3004 1149 3041 per
1162 2996 1294 3028 verita-

333 3056 404 3082 tem
423 3048 613 3079 increatam
626 3069 637 3085 ‚
668 3043 766 3091 quasi
783 3055 829 3079 ex
843 3043 917 3091 ejus
932 3047 1091 3079 motione
1118 3043 1151 3078 &
1174 3043 1293 3089 ipsam,

333 3095 366 3130 &
383 3103 507 3129 caetera
521 3094 887 3139 intelligeremus3imo
900 3093 996 3128 finita
1010 3103 1156 3130 movent
1167 3093 1296 3130 intelle-

333 3144 429 3180 Etum
445 3141 599 3178 nostrum
612 3148 758 3189 propria
772 3148 903 3179 virtute
918 3157 928 3185 ς
961 3153 1049 3190 ergo
1061 3147 1203 3190 propria
1220 3145 1295 3189 pol-

332 3193 755 3239 lentintelligibilltate‚&
775 3197 942 3229 veritate.
963 3191 1189 3241 Et'quamvis
1204 3193 1294 3229 lianc

332 3242 501 3281 movendi
513 3268 526 3284 ,
553 3244 609 3277 vel
623 3242 654 3278 se
664 3253 840 3290 utcunque
857 3241 1050 3278 intelleetui
1077 3242 1296 3280 manifestan-

331 3295 366 3331 di
386 3299 460 3331 vim
478 3304 546 3327 non
561 3292 728 3328 haberent
740 3320 750 3335 ,
776 3291 833 3327 nili
848 3304 912 3341 per
937 3296 1109 3330 rationem
1123 3297 1293 3329 veritatis

331 3348 454 3394 primae
467 3370 478 3387 ,
491 3342 524 3377 8(
540 3342 807 3390 imparticipatae
825 3355 835 3383 ς
865 3340 961 3377 ficuti
977 3342 1117 3380 necesse
1135 3344 1270 3390 pofl'ent
1286 3371 1298 3387 ,

332 3393 393 3430 nifi
410 3406 471 3441 per
486 3396 658 3428 rationem
671 3396 760 3427 entis
778 3390 795 3426 a
810 3392 840 3426 se
852 3416 863 3432 ‚
883 3392 978 3437 quod
1004 3390 1054 3427 est
1078 3396 1293 3439 principium

331 3450 507 3492 primum;
526 3453 596 3476 non
615 3451 800 3489 propterea
820 3451 940 3475 tamen
961 3442 1192 3488 intelligibilia
1206 3444 1295 3486 sunt,

331 3505 396 3530 aut
412 3491 668 3539 cognoscuntur
679 3491 850 3538 perillam
865 3492 1117 3534 veritatemsed
1133 3503 1197 3540 per
1212 3504 1295 3539 pro-

327 3538 446 3591 'priam
464 3569 474 3586 ,
498 3540 638 3590 ipsiiijue
655 3539 853 3574 intrinsecus
880 3541 1106 3576 inhaerentem
1119 3568 1130 3583 ‚
1155 3552 1197 3576 ac
1212 3554 1296 3590 pro·

332 3596 575 3640 portionatam
599 3601 607 3624 :
631 3589 725 3624 sicuti
743 3600 806 3624 nec
820 3589 894 3624 sunt
909 3589 1101 3626 formaliter
1113 3601 1175 3636 per
1188 3594 1296 3627 ratio·

329 3655 416 3678 nem
445 3640 575 3678 essendi
596 3642 896 3686 imparticipatam
912 3664 923 3679 ‚
950 3638 1001 3674 sed
1028 3652 1089 3686 per
1118 3642 1296 3688 propriam

333 3703 494 3728 naturam
511 3719 523 3734 ,
546 3690 664 3725 abillo
682 3697 866 3735 acceptam
888 3715 896 3723 .
927 3687 1236 3738 Qamvisigitur
1250 3690 1297 3726 ad

335 3744 581 3790 participatam
594 3744 777 3776 entitatem
791 3766 802 3781 ‚
822 3739 983 3786 sequatur
1007 3737 1204 3775 necessario
1232 3751 1297 3786 par

336 3790 639 3836 cognoitibiliras,
666 3800 792 3837 nempe
820 3791 1061 3836 participata,
1084 3800 1127 3825 ac
1154 3791 1299 3826 entitati

342 3839 622 3888 commensurata
636 3867 646 3883 ‚
669 3849 735 3888 per
751 3844 936 3878 veritatem
950 3841 1112 3891 primam,
1128 3838 1162 3880 85
1176 3839 1301 3894 intelli:

446 3890 612 3928 Temusl.
1210 3890 1213 3892 ’
1262 3892 1267 3893 ’

1367 494 1466 532 &tum
1480 523 1491 538 ,
1503 494 1536 530 8<
1548 498 1733 542 cognitum
1745 525 1756 541 ‚
1781 512 1849 536 non
1862 511 2004 549 oportet
2018 507 2101 542 illud
2115 507 2249 553 pariter
2262 504 2328 542 effe

1366 543 1515 603 scitum,
1532 545 1565 581 8(
1578 550 1771 603 cognitum
1790 550 1878 587 ficut
1893 553 1986 595 illud,
1999 555 2094 602 quod
2110 556 2158 591 est
2174 556 2331 591 efficiens

1368 595 1513 642 alicujus
1531 595 1663 643 objefki
1681 597 1823 636 visibilis
1839 628 1850 643 ‚
1879 614 1945 637 non
1956 614 2103 649 oportet
2116 605 2182 642 else
2201 605 2328 648 visum3

1367 653 1437 680 non
1451 649 1543 682 enim
1554 645 1684 683 necesse
1697 646 1756 690 est,
1770 659 1808 685 ut
1821 653 1920 698 prius
1941 653 2107 690 videatur
2122 656 2225 692 Deus
2242 666 2330 689 ocu-

1364 693 1401 729 lo
1414 695 1614 751 corporali,
1638 708 1827 744 propterea
1849 701 1943 747 quod
1953 707 2032 749 quis
2067 709 2225 741 intuetur
2238 704 2331 738 colo·

1367 756 1441 779 rem
1459 773 1469 788 ‚
1492 745 1609 791 quiest
1623 747 1780 793 quaedam
1793 754 2022 798 participatio
2039 753 2141 797 Dei,
2167 765 2205 790 ut
2221 753 2329 788 causti:

1365 793 1569 831 efficientis.
1597 796 1778 845 vais
1805 799 2042 844 igituromnia
2070 816 2154 840 vera
2169 803 2327 839 sinttalia

1366 855 1429 890 per
1439 846 1753 891 participationem
1771 847 1950 884 Veritatis
1964 855 2138 896 increate3
2168 862 2330 889 attamen

1365 904 1431 928 non
1449 894 1754 939 suntformaliter‚
1777 897 1811 932 8<
1824 901 2002 936 intrinsece
2016 894 2111 938 vera'
2130 903 2302 950 perillam
2317 928 2329 945 ‚

1368 942 1422 978 fed
1440 956 1503 993 per
1519 949 1700 992 propriam
1714 974 1724 989 ,
1745 948 1779 982 8(
1792 955 2102 996 proportionatam
2119 953 2309 988 veritatem
2321 978 2333 994 ‚

1367 1004 1432 1039 pro
1451 995 1589 1031 ratione
1604 995 1731 1032 scilicet
1744 1003 1904 1034 entitatis
1921 1000 1998 1046 ipsis
2024 1002 2068 1036 ab
2085 1003 2142 1038 illa
2174 1013 2334 1036 commu·

1368 1046 1547 1087 nicatain‚
1570 1045 1602 1079 8(
1620 1048 1874 1093 participatam
1891 1077 1900 1082 .
1919 1050 2047 1086 Restat
2063 1056 2197 1098 igitur,
2227 1061 2265 1085 ut
2289 1062 2331 1086 eo

1366 1093 1501 1128 tantum
1518 1093 1608 1128 sensu
1628 1108 1710 1130 vera
1727 1098 1890 1134 dicantur
1909 1105 2030 1135 omnia
2059 1113 2124 1137 una
2155 1106 2333 1142 veritate,

1366 1151 1545 1189 quatenus
1561 1155 1648 1178 unus
1667 1152 1827 1183 veritaris
1842 1159 2039 1196 conceptus
2051 1178 2060 1193 ,
2087 1162 2193 1199 prout
2217 1150 2266 1186 est
2279 1163 2334 1185 en-

1327 1214 1336 1224 .
1365 1191 1528 1239 tispasl'io
1554 1196 1757 1230 inomnibus
1772 1199 1866 1233 veris
1894 1204 2067 1246 reperitur
2093 1201 2149 1236 sub
2180 1205 2330 1237 univoca

1371 1246 1508 1277 ra‘tione
1524 1255 1533 1283 3
1551 1246 1847 1290 quemadmodum
1862 1248 1894 1282 8(
1908 1261 1971 1283 ens
1985 1252 2080 1286 reale
2096 1279 2105 1294 ,
2124 1251 2167 1286 ad
2178 1252 2274 1300 quod
2285 1262 2335 1288 ta-

1369 1292 1410 1326 lis
1425 1297 1624 1341 proprietas
1638 1296 1856 1344 consequitur
1868 1324 1877 1333 .

1421 1342 1484 1379 An
1504 1343 1762 1383 ARGUMENTA
1779 1374 1788 1382 .
1805 1347 1861 1383 Aa
1875 1349 2027 1395 primum
2044 1351 2238 1396 respondeo
2251 1379 2260 1394 ‚
2277 1364 2333 1389 ea·
2383 1360 2390 1369 ⁸
2418 1356 2426 1370 ¹

1368 1402 1473 1429 tenus
1490 1393 1716 1431 luxincreata
1732 1397 1779 1432 eil:
1799 1398 2010 1445 principium
2041 1403 2195 1445 primum
2222 1402 2334 1450 specu·
2372 1422 2393 1436 κ

1370 1444 1550 1485 labilium,
1573 1455 1751 1491 quatenus
1789 1448 1932 1483 divinus
1955 1448 2175 1493 intellectus,
2197 1456 2256 1500 qui
2285 1453 2334 1490 est

1372 1493 1502 1530 summa
1516 1521 1526 1536 ‚
1547 1494 1747 1531 &increata
1765 1500 1827 1533 lux
1840 1525 1849 1540 ‚
1869 1499 1927 1533 dat
1955 1497 2021 1533 esse
2041 1505 2193 1546 primum
2210 1503 2335 1538 intelli-

1374 1544 1479 1592 gibile
1492 1571 1502 1586 ‚
1515 1545 1545 1579 8(
1559 1543 1760 1582 distinetum
1770 1549 1934 1583 omnibus
1949 1549 2098 1596 objeftz's
2122 1552 2335 1588 secundariis

1375 1595 1494 1642 divine
1507 1595 1692 1645 sapientie,
1716 1601 1746 1632 in
1763 1600 1892 1646 quibus
1908 1598 1941 1634 id
1955 1600 2020 1636 esse
2045 1601 2258 1638 habentibus
2285 1615 2337 1638 re-

1373 1646 1492 1681 lucent
1517 1656 1640 1681 omnes
1665 1651 1835 1685 veritates
1861 1649 2070 1698 necessarie,
2090 1664 2157 1700 que
2191 1652 2267 1689 sunt
2292 1653 2335 1688 de

1376 1696 1469 1738 illise,
1494 1698 1527 1731 in
1541 1705 1678 1732 tantum
1691 1699 1939 1735 utintellefftus
1957 1701 2078 1736 videns
2104 1703 2160 1738 illa
2174 1730 2186 1747 ‚
2213 1703 2336 1739 intelli-

1377 1756 1442 1791 gat
1458 1757 1599 1793 quoque
1616 1757 1739 1782 omnes
1767 1749 1905 1784 illorum
1917 1750 2117 1787 necessarias
2144 1758 2333 1792 veritates.

1378 1795 1479 1832 Nihil
1491 1807 1579 1842 ergo
1592 1796 1708 1843 potest
1717 1797 1781 1834 effe
1796 1811 1919 1835 verum
1933 1800 1989 1835 nisi
2003 1813 2065 1846 per
2078 1803 2271 1839 veritatem
2284 1804 2337 1840 lu-

1375 1849 1427 1881 cis
1442 1851 1614 1888 increata,
1626 1851 1707 1894 quia
1720 1859 1760 1881 ea
1774 1850 1836 1883 lux
1855 1850 1901 1885 cst
1918 1878 1928 1894 ,
1940 1863 2015 1897 quae
2027 1851 2088 1889 dat
2107 1855 2256 1899 primum
2271 1853 2337 1900 eſj'e

1379 1893 1601 1943 intelligibile
1617 1897 1784 1932 omnibus
1804 1902 2014 1936 veritatibus
2025 1901 2223 1938 necessariis
2235 1930 2243 1938 .
2263 1905 2338 1940 Ve-

1379 1956 1564 1981 runtamen
1584 1949 1748 1994 proxima
1765 1949 1867 1984 causa
1882 1954 2049 1986 movendi
2073 1952 2116 1987 aa
2141 1954 2337 2000 intelligen-

1379 1997 1465 2032 dum
1477 1996 1564 2031 lianc
1579 2000 1764 2033 veritatem
1777 2024 1788 2041 ‚
1817 2009 1934 2035 totum
1943 2000 1990 2048 est
2006 2003 2308 2050 majusfiziparte
2324 2031 2336 2047 ‚

1378 2059 1444 2082 non
1462 2046 1584 2082 estlux
1598 2048 1769 2091 increata,
1786 2061 1850 2084 nec
1865 2056 1896 2086 in
1910 2051 1967 2086 illa
1988 2052 2130 2088 videtur
2143 2081 2153 2096 ‚
2171 2052 2228 2090 nisi
2247 2052 2334 2089 sicut

1378 2100 1410 2132 in
1423 2095 1562 2143 objecto
1577 2105 1739 2139 remoto,
1754 2099 1849 2146 quod
1865 2105 1924 2149 qui
1941 2103 2138 2147 cognoscit,
2165 2103 2334 2149 intelligit

1379 2148 1435 2183 iila
1450 2172 1460 2188 ‚
1483 2158 1634 2194 quorum
1649 2147 1696 2184 est
1709 2151 1942 2197 principium,
1967 2151 2001 2187 8(
2015 2153 2116 2188 causa
2134 2154 2334 2200 secundnm

1378 2198 1487 2247 quid:
1504 2195 1557 2232 led
1571 2197 1732 2233 causatur
1745 2199 1801 2234 illa
1821 2205 1953 2237 veritas
1965 2202 2011 2237 ab
2023 2209 2196 2240 extremis
2211 2215 2334 2250 appre-

1376 2247 1487 2283 hensis
1500 2274 1511 2289 ‚
1536 2246 1748 2283 habentibus
1762 2249 1957 2296 respet‘uve
1971 2254 2142 2289 rationem
2157 2258 2268 2290 totius
2280 2281 2292 2294 ,
2303 2253 2336 2288 8(

1380 2301 1511 2345 partis:
1536 2298 1620 2332 licet
1636 2295 1694 2333 ista
1708 2299 1852 2346 objeEta
1870 2311 2042 2339 moveant
2058 2308 2192 2340 virtute
2213 2306 2334 2354 prima

1381 2350 1564 2390 veritatis,
1581 2348 1919 2394 quaeestintnlleetus
1937 2352 2081 2389 divinus
2097 2380 2108 2395 ‚
2136 2353 2153 2390 a
2172 2367 2243 2401 quo
2263 2357 2333 2400 pri-

1379 2398 1474 2432 mum
1493 2397 1568 2432 sunt
1581 2398 1754 2443 produfta
1770 2402 1801 2434 in
1817 2402 1882 2448 effi,-
1900 2403 2136 2448 intelligibili,
2149 2405 2183 2440 8<
2200 2408 2334 2440 virtute

1376 2447 1473 2495 cujus
1486 2450 1591 2482 etiam
1607 2459 1752 2484 movent
1764 2449 1952 2487 attuariter
1966 2480 1976 2495 ‚
1988 2464 2025 2488 ut
2040 2454 2163 2490 suntin
2178 2456 2242 2501 este
2255 2466 2334 2490 rea·

1375 2497 1414 2532 lis
1436 2494 1859 2541 existentiae,intelleftum
1879 2505 2123 2540 creatumSed
2136 2516 2179 2539 ex
2195 2506 2249 2540 his
2265 2517 2334 2540 non

1374 2548 1540 2594 sequitur,
1552 2559 1628 2594 quae
1644 2550 1882 2595 intelliguntur
1900 2563 1965 2587 non
1986 2554 2114 2590 habere
2131 2559 2309 2602 propriam
2326 2583 2337 2598 ,

1374 2597 1640 2633 &intrinsecam
1656 2603 1862 2644 veritatem,
1887 2611 2054 2650 tanquam
2083 2606 2258 2651 sequelam
2272 2607 2336 2652 este

1374 2647 1608 2693 intelligibilis
1626 2653 1760 2697 accepti
1778 2662 1840 2696 per
1856 2650 1975 2686 aetum
1990 2654 2186 2691 intelleetus
2201 2656 2334 2691 divini.

1377 2697 1423 2733 Et
1447 2697 1526 2732 curn
1553 2704 1716 2744 arguitur
1735 2699 1777 2734 de
1805 2700 1987 2738 bonitate:
2011 2708 2094 2751 quia
2124 2717 2226 2741 omne
2238 2706 2334 2741 aliud

1375 2748 1504 2783 bonum
1519 2746 1566 2783 est
1581 2750 1740 2796 quaedam
1754 2752 1991 2799 participatio
2007 2755 2118 2790 ultimi
2136 2754 2214 2791 finis
2235 2784 2244 2793 .
2275 2755 2334 2792 Est

1369 2795 1540 2844 responsio
1560 2809 1606 2834 ex
1623 2798 1729 2835 dictis
1743 2801 1970 2847 insblutione
1986 2829 1994 2838 .
2014 2804 2151 2839 Verum
2167 2805 2214 2842 est
2230 2811 2334 2850 enim,

1368 2851 1491 2883 omnia
1506 2847 1570 2882 effe
1586 2849 1675 2884 bona
1696 2854 1967 2897 participatione
1986 2854 2100 2890 ultimi
2117 2855 2193 2892 finis
2206 2884 2218 2899 ‚
2230 2868 2268 2892 ut
2286 2857 2335 2892 es-

1369 2897 1537 2932 ficientis:
1560 2897 1614 2933 sed
1634 2912 1701 2934 non
1729 2905 2008 2947 participatione
2038 2904 2136 2952 ejus,
2164 2918 2200 2942 ut
2226 2910 2332 2954 primi

1367 2946 1499 2994 objecti
1513 2974 1523 2990 ‚
1538 2958 1681 2995 propter
1694 2949 1793 2997 quod
1812 2952 1960 2986 volitum
1979 2980 1990 2996 ,
2017 2965 2182 2992 amentur
2199 2957 2231 2991 8(
2249 2958 2330 2992 alia:

1366 2997 1557 3032 sicutenim
1570 3011 1634 3034 non
1652 3010 1797 3045 oportet
1813 3002 1990 3037 volentem
2011 3005 2152 3052 aliquod
2173 3007 2303 3043 bonum
2317 3034 2329 3050 ,

1368 3046 1450 3083 ειέὶιι
1464 3047 1594 3084 referre
1608 3048 1651 3083 ad
1671 3050 1789 3085 Deum
1810 3061 1978 3094 amatum,
1993 3056 2050 3101 qui
2070 3055 2117 3090 cst
2132 3057 2276 3092 ultimus
2290 3057 2332 3093 fi-

1368 3102 1447 3139 nis,
1463 3096 1496 3131 8(
1511 3103 1664 3144 primum
1689 3101 1878 3146 appetibile
1896 3127 1906 3143 ‚
1931 3106 1980 3138 ita
2005 3117 2069 3139 nec
2101 3108 2333 3152 particularia

1370 3147 1463 3182 bona
1491 3147 1567 3183 sunt
1590 3149 1673 3183 talia
1688 3150 1847 3186 bonitate
1881 3152 1991 3188 ultimi
2021 3154 2098 3189 finis
2123 3156 2332 3202 formaliter,

1371 3196 1427 3232 sed
1440 3196 1581 3232 tantum
1594 3197 1854 3236 effectived-{uc
1865 3197 1997 3240 faciunt
2007 3204 2113 3247 dit‘ta,
2129 3209 2282 3244 articulo
2295 3221 2331 3255 4

1372 3245 1486 3296 quaest.
1498 3250 1532 3283 6.
1550 3251 1611 3282 cit.

1424 3296 1482 3333 Ad
1518 3298 1701 3333 secundum
1726 3300 1915 3347 respondeo
1941 3314 1986 3338 ex
2024 3309 2186 3351 proxime
2211 3307 2331 3345 dietis:

1372 3347 1529 3383 concedo
1543 3351 1636 3383 enim
1654 3361 1735 3384 vera
1751 3355 1868 3386 omnia
1881 3378 1891 3393 ‚
1903 3363 1978 3399 quae
1992 3358 2306 3402 apprehenduntur
2321 3385 2333 3402 ‚

1376 3397 1490 3433 videri
1504 3401 1535 3432 in
1550 3398 1836 3435 incommutabili
1852 3413 2002 3440 veritate
2027 3407 2227 3442 intelletius
2240 3409 2332 3445 divi-

1372 3450 1406 3482 ni
1424 3475 1436 3491 ‚
1455 3457 1629 3494 quatenus
1643 3447 1811 3484 videntur
1825 3452 1912 3486 utin
1926 3457 2132 3491 continente
2149 3458 2332 3505 objectum

1374 3502 1592 3543 proximum,
1605 3498 1664 3534 vel
1681 3497 1765 3535 sicut
1780 3504 1810 3534 in
1824 3504 2016 3542 eo,virtute
2035 3507 2137 3552 cujus
2152 3508 2333 3553 obieetum

1371 3548 1579 3595 proximum
1598 3557 1715 3584 movet
1731 3563 1741 3592 3
1769 3548 1817 3584 Et
1830 3551 1965 3588 tametfi
1996 3565 2062 3589 non
2095 3549 2332 3595 videaturlux

1375 3599 1546 3638 increata,
1561 3597 1594 3631 8<
1609 3599 1914 3636 incommutabilis
1929 3629 1939 3645 ‚
1955 3603 2197 3651 intelliguntur
2215 3618 2335 3646 tamen

1373 3646 1440 3682 illae
1454 3650 1627 3683 veritates
1640 3661 1701 3693 per
1715 3653 1905 3686 motionem
1930 3651 2149 3700 objeftorum
2160 3685 2172 3701 ,
2205 3659 2334 3706 quibus

1374 3694 1439 3732 dat
1457 3696 1524 3743 eſj'e
1534 3697 1755 3744 intelligibile
1769 3699 1968 3736 inteileeius
1980 3703 2122 3740 divinus
2141 3734 2150 3743 .
2178 3706 2223 3745 Et
2246 3720 2335 3757 quo·

1372 3749 1467 3782 niam
1486 3745 1522 3781 id
1532 3748 1599 3794 effe
1611 3775 1623 3791 ‚
1635 3759 1704 3784 non
1717 3747 1766 3784 est
1779 3748 2039 3797 nisisi-cundum
2052 3757 2141 3802 quid
2152 3784 2162 3801 ‚
2193 3757 2226 3793 8(
2251 3772 2336 3803 ope-

1372 3798 1549 3833 rationem
1561 3798 1693 3832 realem
1720 3810 1865 3846 oportet
1877 3799 1941 3836 effe
1956 3800 2085 3841 acausa
2102 3805 2254 3844 habente
2268 3810 2335 3857 eff'e

1370 3847 1490 3893 reale,
1515 3846 1572 3889 his
1585 3846 1732 3896 objetus
1759 3849 1972 3887 secundariis
2002 3856 2197 3895 intellestus
2221 3858 2242 3891 d
2261 3862 2335 3896 vini

1818 3898 1849 3937 Β
1876 3913 1894 3939 e
1919 3912 1943 3952 β
2211 3918 2285 3956 gon

2451 1361 2458 1370 .
2480 1350 2576 1378 J-ssae‘l·

2361 1379 2387 1410 §.
2417 1380 2453 1403 Al
2482 1378 2583 1412 taust&-

2369 2782 2465 2822 r.‘‹iist7
2480 2790 2502 2809 r.
2519 2794 2545 2817 q.
2555 2796 2578 2818 4,

2363 2814 2413 2839 loco
2440 2822 2517 2842 (lla'o
2536 2829 2579 2849 ιι,

2364 2851 2488 2880 urgendo
2506 2867 2512 2873 .

2361 3368 2385 3388 ι.
2396 3361 2577 3396 aiam-42⁵2.
