2666 4109
147 924 295 964 Qoniam

94 966 204 994 Doum-
269 967 296 994 in

95 1004 204 1042 scripto
249 1005 294 1033 O·

93 1051 164 1070 xon.
181 1043 230 1072 loc·
245 1043 294 1072 cit.

93 1089 150 1109 non
187 1081 294 1111 resolu-

92 1119 121 1148 te*
146 1120 272 1160 loquitur
284 1141 294 1156 ,

92 1158 137 1187 sed
172 1159 291 1196 pollice·

89 1205 137 1225 tur
167 1198 235 1227 alias
267 1201 293 1226 ie

90 1236 216 1264 asturum
256 1235 291 1265 de

90 1273 224 1304 Numer-is
281 1285 290 1308 i

112 1313 170 1343 uei
219 1323 286 1352 praer

111 1351 163 1381 affe
187 1360 288 1390 putant

88 1389 119 1419 u'n
131 1401 178 1428 qu.
192 1391 239 1425 εἰς.
253 1391 289 1418 de

89 1437 183 1473 rer-pn
203 1430 287 1468 priu—

86 1466 288 1540 wethini:

86 1545 155 1574 &in
182 1548 287 1584 ‘Repar-

85 1584 135 1613 ηἰ-
177 1582 285 1623 Magist.

83 1622 148 1652 sent⁴
177 1623 288 1661 opinio,

84 1670 151 1690 nem
165 1670 288 1696 tantum,

84 1701 113 1728 8(
137 1710 195 1729 non
217 1709 286 1739 pro-

81 1738 174 1777 priam
198 1743 285 1768 (ona-

82 1786 129 1806 mr
157 1786 269 1814 expone

81 1825 112 1845 re
124 1835 135 1850 ,
158 1826 190 1845 ae
201 1817 285 1850 tueri;

81 1855 149 1884 idco
219 1853 284 1884 inde

79 1893 134 1923 huc
156 1903 208 1923 nos
230 1903 285 1930 po·

81 1933 160 1962 tiora
205 1941 283 1970 quae-

79 1980 141 2007 quae
165 1971 282 2000 transtu-

78 2008 165 2039 limus
189 2027 200 2043 ‚
250 2017 282 2038 ac

77 2051 136 2084 ojus
147 2048 280 2078 sententia

79 2087 118 2117 ibi·
154 2087 279 2116 absolute

76 2125 246 2194 ῗρηίϊὲἑιιιῃ
269 2144 279 2160 ,

90 2173 104 2193 e
126 2174 178 2193 usn

78 2212 240 2242 proponere

80 2242 231 2271 studuimus
268 2252 277 2274 ς

77 2282 265 2310 existimantes

76 2329 139 2349 eam
184 2319 279 2349 omni.

76 2368 114 2388 ιο
147 2367 244 2388 veram
268 2377 278 2390 ,

49 2396 53 2406 “
75 2406 108 2427 ac
143 2398 276 2426 ultimam

53 2436 105 2475 ..in
129 2437 183 2466 hoc
207 2445 263 2475 pun

75 2474 121 2504 ἂο
134 2476 209 2505 Scoti
228 2484 276 2502 νο,

58 2513 212 2544 ‘lu-atatem
227 2531 235 2540 .
260 2515 275 2530 ⁴¹

73 2552 118 2581 De
177 2562 272 2582 nume-

73 2600 109 2620 ris
183 2593 274 2621 fermo

72 2630 224 2668 pulcherri-

24 2694 27 2696 ,
74 2677 134 2699 mus
151 2687 161 2699 ο

77 3356 121 3386 De
146 3360 259 3391 divisio-

64 3403 98 3423 ne
151 3402 262 3436 quanti.

62 3435 127 3463 tatis
173 3440 260 3468 oritur

63 3479 191 3505 numerus
216 3487 262 3506 ac-

63 3510 208 3544 cidentalis
230 3518 258 3546 in

63 3552 164 3580 ceteris
188 3563 257 3591 ρης-

61 3585 222 3622 diedmentis
242 3594 257 3623 i

60 3629 217 3662 quantitate
248 3643 259 3668 ς

61 3671 113 3700 qn
138 3677 193 3697 non
218 3671 261 3699 in.

60 3701 166 3734 teneda
180 3725 190 3739 9
205 3718 252 3736 nu.

60 3747 136 3770 mero
169 3746 252 3775 essen.

58 3778 115 3808 nah·
161 3783 255 3814 distin-

661 141 879 207 Tamus
899 141 938 207 1.
958 142 1116 210 Pars
1137 148 1173 213 Ι.
1192 147 1419 241 Qoest.
1436 153 1637 222 XXX.
1660 160 1859 226 Artic.
1881 164 1926 228 ll
1934 166 1972 239 1,

387 232 555 267 vsa-terea
570 260 579 275 ,
605 233 734 268 Omnis
748 244 912 268 numerus
930 236 977 270 eit
1004 244 1182 283 quantitas
1195 269 1204 284 ,
1232 250 1296 276 aut

336 281 462 325 sgttcits
478 286 681 329 quantitatis
697 281 849 317 discreta·
868 296 878 324 ;
896 297 1071 332 perquam
1092 289 1216 326 scilicet
1234 303 1296 325 nu-

336 343 514 367 merantur
531 359 539 372 ,
573 342 634 367 aut
649 331 885 367 mensurantur
902 344 1020 380 partes
1040 336 1143 382 ejus:
1175 340 1245 374 Sed
1260 341 1293 375 in

337 380 421 416 Deo
437 380 627 428 longiffime
642 381 690 417 est
703 383 829 417 semota
839 385 955 418 omnis
971 390 1164 432 quantitas,
1177 389 1295 425 dicen-

334 442 370 465 te
397 432 598 479 Augustino
610 460 621 475 ‚
634 435 667 467 6.
682 432 724 467 de
740 429 869 467 Trinit.
888 444 961 479 cap.
979 446 1033 470 20.
1048 438 1295 484 Intelligt'mus

335 479 534 525 Dcxmstne
545 485 751 530 quantitate
763 492 942 527 mugilum:
955 484 1062 530 igitur
1075 496 1164 523 term
1170 491 1218 523 ῑῃῐ
1231 500 1296 523 nu-

335 533 486 567 meraies
503 544 567 568 non
584 533 657 567 sunt
674 530 811 566 dicendi
835 533 966 579 aliquid
989 546 1119 580 ponere
1137 542 1166 574 in
1198 538 1293 575 Deo.

381 582 523 618 Coma
536 596 557 620 Α
578 607 587 621 ,
599 582 694 617 Ioan.
711 578 817 625 Epist.
832 584 943 627 prima
959 595 1034 630 cap.
1051 598 1080 632 5.
1099 589 1294 634 Tres-sunt,

333 635 397 680 qui
415 632 665 679 Testimonium
675 633 764 666 dam
780 631 818 663 in
834 631 925 667 Celo
937 660 947 676 ,
964 634 1084 671 Pater
1099 664 1109 678 ‚
1125 638 1293 681 Filiusss&

334 685 501 729 Spiritus
513 681 665 718 Sentius
680 707 690 722 ,
705 680 742 720 ξδ’
756 679 796 713 hi
806 690 881 716 tres
893 694 1001 718 unum
1008 685 1114 730 sunt:
1130 687 1182 722 sed
1195 691 1294 723 trini-

335 742 391 766 tas
407 730 456 766 est
475 742 655 773 numerus3
671 742 757 775 ergo
771 728 864 765 estin
887 731 969 767 Deo
984 760 993 775 ,
1007 747 1158 783 vereque
1176 737 1292 773 subin-

334 781 377 816 de
401 785 540 817 termini
557 780 752 817 numerales
772 780 904 823 aliquid
920 793 1058 828 ponunt
1075 789 1108 821 in
1127 786 1292 833 ipso-Un-

337 830 380 866 de
396 830 642 867 Damascenus
664 842 691 866 1.
703 831 747 865 de
764 826 827 863 fide
839 829 1076 881 Orthod.cap.
1098 837 1293 883 17.]Vume-

336 884 484 927 70‚inqui
493 892 586 925 tyron
600 891 732 916 natura
745 879 915 915 dicuntur
929 883 1064 919 Sanfiae
1075 885 1269 934 hypostases
1283 914 1291 923 ,

384 930 630 976 Rgspohvngo,
644 931 700 966 hic
716 931 829 978 primo
849 929 1040 968 videndum
1058 936 1105 971 est
1118 937 1159 971 de
1175 948 1294 972 nume-

334 992 375 1017 ro
396 986 428 1017 in
448 983 478 1017 se
494 1010 504 1025 ‚
533 995 573 1018 ac
588 981 714 1019 deinde
740 990 781 1013 an
807 978 849 1013 {it
880 982 1068 1026 ponendus
1094 990 1126 1021 in
1148 985 1292 1021 divinis.

334 1032 517 1080 Qantum
534 1034 644 1079 igitur
657 1030 701 1065 ad
717 1033 868 1077 primum
883 1056 892 1071 ,
905 1031 1078 1068 sciendum
1091 1062 1102 1077 ‚
1117 1035 1211 1070 aliud
1225 1034 1293 1071 effe

330 1094 459 1125 unum,
486 1083 583 1130 quod
612 1083 833 1118 convertitur
847 1090 928 1114 cum
951 1092 1031 1118 ente
1045 1108 1054 1123 ‚
1075 1085 1167 1120 aliud
1187 1096 1294 1120 unum

331 1135 539 1179 princioium
560 1137 720 1168 numeri.
750 1127 887 1176 thuia
902 1130 944 1165 de
956 1137 1059 1168 unius
1089 1139 1227 1170 ratione
1244 1135 1292 1170 se-

331 1169 485 1218 cundum
517 1187 672 1228 priorem
692 1183 935 1225 acceptionem
948 1209 958 1224 ,
974 1179 1051 1218 satis
1069 1184 1202 1219 dietum
1217 1184 1294 1226 fuit,

331 1233 431 1278 supra
454 1232 566 1278 oucest.
582 1244 638 1267 Χι.
653 1241 723 1268 art.
745 1240 769 1262 ι.
788 1229 827 1269 ᾧ)
843 1242 871 1275 3.
886 1241 1062 1277 quatenus
1080 1233 1128 1269 est
1158 1236 1293 1269 numeri

330 1276 539 1329 principium
555 1279 706 1328 superest
725 1281 899 1325 agendum
915 1281 993 1317 :etsi
1010 1293 1124 1319 autem
1142 1288 1294 1331 primum

329 1333 542 1378 principium
558 1331 733 1367 excelsum
750 1341 817 1363 non
836 1334 953 1366 veniat
965 1333 997 1365 in
1013 1343 1199 1368 numerum
1214 1344 1294 1368 cum

330 1383 449 1428 aliquo
468 1393 514 1417 ex
546 1386 680 1417 caeteris
710 1379 848 1414 entibus
865 1379 935 1426 (ut
963 1380 1049 1417 infra
1065 1382 1230 1430 patebit)
1256 1391 1294 1417 nt

329 1432 479 1469 proinde
491 1436 660 1479 quamvis
680 1428 850 1465 vei-imme
862 1457 872 1473 ,
885 1429 918 1463 8(
935 1433 1087 1467 maxime
1103 1443 1292 1476 unum,non

326 1480 366 1517 fit
380 1487 514 1518 numeri
536 1478 990 1527 principiumznihsslominus
1005 1482 1189 1517 secundum
1206 1495 1291 1530 pro-

328 1535 526 1579 portionem
540 1557 550 1572 ,
582 1531 614 1566 8(
629 1529 831 1574 analogiam
850 1532 1102 1576 inquirentibus
1118 1534 1150 1568 8<
1168 1532 1290 1568 nullibi

328 1585 444 1627 magis
456 1581 561 1630 quzim
576 1582 711 1615 unitate
736 1581 888 1624 exprimi
915 1592 1083 1627 apparere
1099 1582 1289 1629 poterit‚&

326 1624 462 1676 insuper
475 1630 650 1679 perspec'ta
678 1633 743 1663 erit
759 1655 770 1670 ‚
789 1633 841 1663 vis
853 1655 863 1670 ,
887 1628 919 1663 8(
936 1630 1089 1677 potestas
1103 1636 1209 1669 unius
1223 1631 1288 1666 res·

326 1681 429 1728 petitu
444 1685 603 1718 numeri.
631 1681 688 1717 Ut
716 1683 808 1713 enim
837 1691 944 1714 unum
960 1679 1007 1715 est
1022 1687 1158 1718 numeri
1171 1685 1287 1717 omnis

327 1733 562 1780 principium,
586 1730 618 1764 8<
637 1727 811 1769 mensura,
835 1734 881 1764 ita
914 1732 1064 1777 primum
1088 1731 1134 1768 est
1159 1735 1286 1780 princi-

323 1785 419 1830 pium
449 1780 685 1817 multitudinis
722 1786 964 1814 creaturarum
976 1807 986 1821 ,
1011 1780 1043 1814 8(
1068 1779 1282 1827 singularum

325 1832 480 1868 mensura
503 1829 769 1868 substantiarum
783 1854 793 1870 ,
807 1840 884 1874 qua:
897 1835 1077 1876 proprium
1095 1831 1284 1877 perfeffio-

324 1886 376 1916 nis
390 1882 540 1928 gradum
559 1881 806 1917 nanciscuntur
822 1891 884 1925 per
903 1881 1067 1928 majorem
1086 1909 1096 1924 ‚
1119 1882 1151 1916 8(
1173 1885 1282 1917 mino-

323 1943 395 1966 rem
413 1931 583 1967 acceffiim
599 1930 641 1965 ad
655 1929 761 1965 illam.
790 1928 848 1964 Ad
863 1941 966 1976 quem
985 1930 1109 1966 sensum
1122 1932 1281 1980 loquitur

321 1979 540 2028 Dionyfius.
554 1992 667 2028 cap.5.
685 1978 726 2013 de
743 1977 852 2013 divin.
874 1984 1000 2015 nomin.
1020 1983 1063 2017 In
1074 1983 1281 2024 monadtgin-

317 2032 441 2078 quiens
453 2059 463 2074 ‚
479 2035 587 2068 omnis
602 2040 767 2067 numerus
779 2028 1012 2074 tatfformt'ter
1019 2032 1281 2080 praeest,habet-

320 2093 388 2129 que
403 2094 523 2117 monas
537 2092 667 2118 omzem
676 2078 762 2124 inse
775 2090 960 2115 numerum
980 2084 1081 2117 unice*
1095 2108 1105 2124 ‚
1118 2082 1157 2122 ὢ·
1171 2086 1281 2117 omnis

317 2142 484 2168 numerus
496 2132 723 2179 complicatus
737 2130 879 2177 quidem
891 2134 930 2164 in
943 2133 1087 2166 monade
1106 2132 1280 2180 eskquan-

315 2191 392 2217 tum
402 2195 486 2219 vero
503 2184 524 2217 ὰ
540 2180 1096 2227 Monadep7·0g7·edz'rur,taettcm
1107 2183 1281 2229 dtscerni-

315 2242 377 2268 tur
390 2259 400 2275 ,
425 2233 465 2274 ἐς
480 2232 748 2278 multiplicatur
764 2256 773 2265 .
787 2229 896 2264 Porro
916 2242 1039 2266 monas
1052 2259 1062 2274 ,
1090 2234 1144 2267 vel
1160 2237 1279 2268 unitas

317 2280 450 2317 dicitur
466 2294 609 2318 omnem
628 2281 758 2318 babere
776 2283 805 2314 in
825 2280 854 2314 se
874 2292 1055 2316 numerum
1077 2282 1278 2332 multiplici-

313 2340 389 2366 ter:
420 2333 506 2368 Uno
532 2333 638 2367 modo
658 2334 791 2367 virtute
806 2356 816 2372 ,
851 2330 1278 2376 &p‹›tentiaea5tione,uti

313 2380 362 2418 est
377 2383 494 2418 unitas
519 2381 648 2418 divinae
661 2377 842 2421 effentiae‚a
858 2392 924 2427 qua
941 2383 1055 2416 omnis
1088 2381 1277 2418 multitudo

311 2442 558 2469 creaturarum
577 2431 761 2479 procedit:
779 2441 843 2464 non
861 2442 922 2476 per
935 2431 1007 2478 ejus
1022 2434 1169 2467 unitatis
1184 2433 1279 2467 divi-

311 2479 438 2517 sionem
453 2482 543 2526 ‚ssed
567 2493 737 2527 tanquam
754 2482 772 2515 a
792 2483 965 2526 principio
983 2486 1186 2518 continente
1202 2494 1278 2517 om-

313 2531 369 2565 nia
384 2558 394 2574 ‚
412 2534 443 2567 8t
463 2533 626 2570 causante
645 2544 704 2579 per
719 2531 918 2577 potentiam
934 2530 1102 2568 infinitam
1120 2544 1128 2567 :
1143 2534 1278 2568 Secun-

305 2580 356 2617 do
373 2593 516 2626 monaS,
547 2584 603 2618 vel
634 2585 748 2617 unitas
766 2583 920 2616 continet
949 2594 1131 2617 numerum
1151 2591 1276 2630 poten-

309 2634 362 2666 tia
377 2632 471 2678 quast
509 2632 654 2679 passiva,
671 2630 714 2666 de
730 2643 797 2678 qua
812 2631 927 2666 oritur
940 2635 1054 2667 omnis
1071 2632 1277 2674 multitudo,

308 2692 376 2716 non
395 2694 458 2728 per
474 2682 521 2718 sui
542 2681 939 2717 communicabilitatem
954 2710 964 2725 ,
991 2687 1041 2718 uti
1068 2682 1202 2718 dictum
1227 2682 1295 2721 est.

305 2730 466 2768 divinam
489 2737 661 2768 unitatem
689 2733 872 2766 continere
901 2743 1041 2768 omnem
1073 2744 1273 2773 numerum3

308 2779 381 2816 Sed
412 2794 474 2829 per
498 2782 544 2817 sui
576 2780 805 2823 divisionem,
833 2793 898 2816 non
926 2783 1067 2828 quidem
1102 2787 1132 2818 in
1151 2792 1273 2827 partes

305 2835 590 2877 quantitativas,
619 2831 674 2866 sed
701 2835 734 2866 in
764 2839 887 2878 partes
918 2831 1137 2879 iiibjetftivas:
1159 2844 1271 2881 eaque

305 2878 355 2915 est
379 2886 494 2919 unitas
508 2887 596 2918 entis
613 2909 623 2923 ,
645 2890 686 2916 ut
699 2881 790 2916 dicit
814 2891 1022 2928 conceptum
1049 2893 1273 2918 communem

305 2930 349 2966 ad
370 2941 571 2967 creatorem
587 2931 641 2973 ,&
659 2931 996 2978 creaturam:cujus
1018 2938 1130 2979 prima
1148 2931 1273 2968 divifio

306 2979 354 3017 est
381 2985 413 3016 in
432 2994 516 3024 ens,
539 2980 634 3030 quod
651 2979 697 3015 est
712 2981 802 3028 defi
815 2981 882 3028 effe
898 3007 909 3023 ,
929 2982 962 3016 8(
975 2986 1082 3018 inens
1101 3011 1111 3026 ‚
1131 2987 1186 3018 cui
1204 2995 1271 3019 non

303 3042 474 3076 repugnat
495 3032 561 3078 effe
575 3060 584 3075 ‚
613 3031 645 3065 &
662 3030 729 3065 boc
756 3031 939 3067 fecundum
954 3057 964 3074 ,
989 3033 1084 3080 quod
1100 3032 1147 3069 est
1157 3044 1270 3079 genus

309 3080 593 3128 metaphysicum
608 3083 642 3114 in
662 3080 781 3115 decem
798 3080 975 3118 dividitur
988 3082 1269 3128 praedicamenta.

303 3128 354 3165 Et
373 3130 620 3178 rursus-prima
647 3129 815 3166 divisione
835 3135 869 3166 in
883 3144 943 3167 ens
958 3159 968 3175 ,
980 3134 1074 3180 quod
1092 3132 1139 3169 est
1152 3135 1267 3180 perse.

300 3180 334 3215 &
349 3183 380 3214 in
394 3192 456 3216 ens
470 3207 481 3224 ,
503 3179 599 3228 quod
618 3179 665 3215 est
690 3180 837 3228 alicujus
851 3209 862 3224 ,
889 3188 1118 3232 continetque
1138 3196 1268 3220 novem

299 3230 560 3278 predicamenta
589 3231 810 3272 accidentis3
839 3231 872 3266 &
900 3231 944 3267 sic
972 3232 1134 3282 deinceps
1148 3235 1268 3270 exiut-

300 3268 390 3326 gu⁹nt
407 3277 689 3323 aliaedivifiones,
707 3279 752 3316 de
766 3282 897 3328 quibus
908 3281 984 3321 fuse
1003 3289 1123 3332 agitur
1141 3290 1173 3321 in
1189 3285 1266 3321 Me-

296 3328 490 3379 taphyficis
509 3356 517 3366 .
814 3371 817 3372 ⁷

346 3379 482 3418 Tertio
497 3407 507 3422 ‚
526 3380 662 3415 Unitas
677 3378 726 3416 est
744 3386 932 3419 continens
951 3396 1135 3421 numerum
1151 3386 1268 3422 secun-

295 3429 380 3465 dum
408 3428 628 3466 substantiam
645 3455 656 3471 ,
680 3430 712 3464 &
726 3441 915 3476 naturam,
929 3433 1044 3482 estque
1063 3447 1170 3470 unum
1189 3448 1264 3472 ma-

293 3480 479 3527 gnitudine
493 3481 787 3526 quantitativa,id
804 3487 896 3519 enim
910 3484 1016 3521 habet
1031 3487 1064 3520 in
1079 3486 1109 3521 se
1121 3497 1263 3521 omnem

293 3541 479 3566 numerum
494 3556 504 3572 ,
528 3532 588 3576 qui
609 3529 687 3564 inde
702 3543 766 3577 per
780 3531 989 3570 divifionem
1007 3535 1116 3583 potest
1134 3546 1262 3580 proce-

292 3579 373 3615 dere
389 3607 396 3616 .
420 3579 466 3615 Et
479 3583 562 3626 quia
588 3581 670 3615 talis
686 3587 799 3616 unitas
814 3609 824 3624 ‚
856 3594 932 3628 quae
949 3584 995 3619 est
1008 3588 1262 3631 quantitas,ac·

292 3628 380 3664 cidit
393 3629 497 3664 rebus
516 3629 666 3664 aliorum
682 3643 850 3677 generum
867 3633 885 3668 a
900 3636 1109 3680 quantitate,
1127 3634 1207 3670 idco
1224 3636 1259 3672 &

292 3690 460 3713 numerus
476 3679 519 3714 de
535 3683 750 3726 quantitatis
763 3682 931 3717 divilione
946 3686 1146 3730 procedens
1159 3713 1170 3727 ‚
1201 3699 1262 3722 ac—

289 3727 374 3764 cidit
393 3727 543 3769 illis,etsi
562 3734 755 3776 quantitati
775 3730 814 3767 iit
828 3732 1038 3776 ess'entialis,
1051 3736 1132 3782 quia
1145 3747 1255 3783 quan-

288 3779 385 3813 titati
415 3789 476 3821 per
493 3778 521 3811 se
552 3779 632 3815 inest
657 3781 713 3817 sua
737 3785 953 3820 continuitas
969 3810 979 3820 .
1005 3785 1252 3823 Veruntamen

392 3827 519 3864 Torvus
535 3829 564 3865 I.

1377 250 1494 282 unitas
1511 273 1522 288 ,
1544 258 1620 293 quat
1647 248 1694 283 est
1708 257 1924 290 continuitas
1937 255 2095 293 bifariam
2114 266 2227 307 potcit
2245 270 2339 298 acci-

1377 297 1436 339 pi,
1454 295 1535 331 aetii
1561 301 1726 333 nimirum
1743 327 1752 341 ,
1780 301 1812 336 8(
1831 310 1985 349 potentia
1999 333 2006 342 .
2026 309 2121 345 At‘tu
2140 311 2335 357 quidem,ut

1375 354 1454 380 cum
1482 344 1657 381 dividitur
1682 353 1885 387 continuum
1901 356 1931 389 in
1946 368 2086 402 parteS,
2110 360 2334 405 quibuscon-

1375 392 1441 430 stat
1454 423 1462 430 .
1476 393 1663 431 Pontentia
1678 400 1806 441 ver0,fi
1823 403 2036 451 intelligatur
2047 414 2168 444 omnia
2182 421 2331 456 corpora

1373 443 1429 480 seu
1448 446 1714 491 corruptibilia,
1737 449 1789 484 seu
1818 452 2094 501 incorruptibilia
2121 459 2258 495 extrahi
2287 472 2334 496 ex

1373 493 1547 530 divisione
1564 500 1665 532 unius
1688 503 1810 544 quanti
1840 505 1872 536 in
1898 509 2054 549 potentia
2074 533 2082 541 .
2150 513 2205 543 uia
2237 511 2330 545 enim

1372 555 1478 579 omne
1496 550 1702 581 continuum
1717 574 1726 589 ‚
1748 560 1918 595 quantum
1944 552 1992 589 est
2006 566 2052 589 ex
2069 565 2169 601 parte
2184 558 2230 592 sui
2245 585 2255 599 ,
2277 570 2331 595 na-

1370 601 1445 629 tum
1470 594 1518 630 est
1535 593 1602 631 effe
1628 608 1890 647 unum,unaque
1905 606 2123 648 magnitudo,
2139 606 2195 641 nisi
2213 607 2331 644 diver-

1370 641 1456 678 fitas
1473 642 1663 681 formarum
1692 646 1977 694 distinguentium
1994 653 2027 687 id
2040 655 2239 702 impediret,
2253 658 2331 693 ideo

1369 692 1404 728 &
1418 700 1748 731 numerusomnium
1759 710 1947 746 corporum
1963 702 2016 737 seu
2032 706 2331 752 corruptibilium,

1367 743 1425 779 seu
1437 745 1756 791 incorruptibilium
1772 749 1932 792 procedit
1957 763 2003 786 ex
2017 753 2185 790 divisione
2203 763 2306 792 unius
2318 786 2329 801 ,

1367 803 1541 839 quatenus
1562 799 1705 831 unicum
1741 797 1806 833 esse
1836 799 1950 845 potest
1978 814 2081 838 omne
2102 810 2328 844 continuum.

1365 843 1447 880 Nec
1479 845 1569 879 enim
1593 845 1707 881 differt
1729 851 1847 883 unitas
1877 849 1949 884 haec
1967 848 1983 886 a
2003 864 2150 889 numero
2165 881 2174 896 ‚
2188 857 2325 904 ejusilue

1363 895 1580 937 unitatibus,
1603 895 1662 930 nisi
1694 895 1780 932 ficut
1792 902 1931 934 unitum
1947 925 1957 941 ,
1987 901 2020 936 8(
2036 915 2288 950 congregatum
2303 906 2323 943 a

1359 943 1474 980 diviso
1491 971 1501 986 ,
1525 944 1558 979 8(
1572 945 1775 993 disgregato
1788 974 1798 989 ,
1814 958 1851 983 ut
1868 949 1950 985 dicit
1967 950 2185 995 Boetius,de
2202 960 2323 991 unita·

1357 1002 1394 1028 te
1409 1021 1420 1036 ,
1448 993 1487 1033 ἐῢ·
1502 1006 1567 1030 uno
1580 1023 1590 1039 ,
1604 1006 1675 1043 cap.
1694 1008 1724 1032 a.
1745 997 1778 1032 Is
1793 1002 1899 1044 igitur
1916 1012 2082 1038 numerus
2095 1031 2105 1046 ‚
2130 1005 2322 1041 exdivifio-

1357 1055 1401 1078 ne
1414 1046 1571 1080 continui
1589 1047 1783 1093 procedens
1805 1049 1933 1084 nullam
1948 1063 2020 1086 rem
2051 1053 2235 1099 positivam
2254 1057 2313 1091 ad-

1356 1092 1436 1135 dit,
1462 1093 1562 1141 super
1584 1096 1690 1143 ipsam
1713 1101 1862 1134 unitatis
1886 1105 2179 1148 continuitatem,
2207 1106 2224 1140 a
2249 1118 2320 1153 qua

1355 1141 1590 1180 inmunitates
1613 1159 1795 1183 numerum
1832 1149 2080 1188 constituentes
2098 1180 2108 1195 ,
2135 1159 2318 1192 oriuntur.

1353 1190 1438 1226 Nec
1448 1191 1591 1229 discreta
1623 1203 1804 1243 quantitas
1822 1201 1968 1245 proinde
1982 1206 2148 1248 importat
2166 1205 2317 1241 sormam

1353 1239 1660 1287 pofitivam,aliam
1678 1247 1698 1282 a
1712 1247 1822 1282 forma
1840 1251 2206 1301 continuitati53quod
2225 1260 2315 1291 enim

1352 1299 1475 1336 partes
1505 1303 1571 1329 non
1599 1299 1763 1332 uniantur
1776 1324 1786 1339 ‚
1810 1298 1867 1333 vel
1901 1300 2116 1346 copulentur
2141 1306 2183 1339 ad
2212 1317 2317 1341 unum

1352 1351 1574 1378 communem
1612 1348 1802 1381 terminum
1819 1371 1830 1387 ,
1859 1360 1927 1383 non
1964 1357 2128 1388 convenit
2164 1354 2315 1390 discretae

1350 1394 1543 1438 quantitati
1558 1395 1693 1431 ratione
1707 1396 1859 1442 alicujus
1872 1397 2014 1443 positivi
2033 1428 2043 1442 ,
2058 1401 2112 1437 sed
2128 1406 2248 1450 potius
2268 1416 2315 1440 ex

1348 1443 1540 1487 negatione
1553 1446 1691 1480 unionis
1704 1472 1713 1488 ,
1726 1457 1833 1493 quam
1849 1447 1986 1488 habuit.
2004 1451 2059 1486 vel
2074 1464 2169 1488 certe
2186 1454 2313 1490 habere

1348 1491 1520 1538 potuiffet.
1536 1492 1589 1529 At
1603 1495 1817 1542 ambiguitas
1832 1496 1912 1532 hinc
1925 1501 2101 1536 exoritur:
2118 1501 2214 1539 Nam
2228 1516 2314 1549 quo-

1346 1541 1441 1576 niam
1465 1545 1605 1578 numeri
1624 1544 1667 1580 de
1690 1553 1869 1581 communi
1888 1548 2052 1587 sententia
2075 1553 2183 1598 specie
2198 1554 2311 1591 distin-

1345 1600 1507 1637 guuntur
1524 1619 1535 1635 ,
1560 1597 1620 1639 qui
1646 1593 1720 1630 fieri
1737 1596 1849 1642 potest
1865 1624 1875 1639 ‚
1889 1608 1927 1633 ut
1941 1611 2006 1635 non
2021 1600 2152 1638 addant
2164 1604 2222 1640 nili
2237 1609 2311 1651 pri-

1346 1643 1531 1677 vationem
1546 1647 1817 1688 continuitatis,
1830 1658 1910 1681 cum
1929 1650 2115 1688 secundum
2135 1660 2314 1701 privatio·

1343 1702 1424 1725 nem
1452 1691 1585 1727 nullum
1599 1696 1733 1730 entium
1748 1694 1881 1732 differat
1899 1698 1943 1732 ab
1958 1700 2025 1735 alio
2045 1702 2171 1749 specie,
2185 1732 2193 1745 ,
2208 1705 2239 1740 8(
2259 1705 2307 1740 es-

1341 1740 1446 1775 sentia
1461 1744 1476 1778 ?
1489 1742 1592 1778 Hanc
1606 1743 1862 1781 dubitationem
1879 1749 2127 1796 excludi-ntes,
2141 1754 2306 1796 dicimus,

1342 1800 1470 1826 revera
1486 1797 1620 1828 numeri
1636 1797 1819 1831 entitatem
1835 1798 1938 1833 aliam
1956 1812 2022 1834 non
2037 1801 2114 1846 esse,
2128 1804 2233 1851 quam
2249 1817 2307 1839 en-

1339 1844 1480 1877 titatem
1493 1843 1736 1880 continuitatis
1753 1851 1872 1892 primae
1887 1853 2032 1884 unitatis
2043 1852 2157 1889 div-:sae
2197 1855 2230 1889 8(
2243 1867 2303 1891 va-

1341 1894 1429 1925 riam
1443 1892 1699 1938 elongationem
1711 1895 1755 1929 ab
1768 1896 1820 1930 illa
1839 1900 1992 1940 unitate,
2004 1912 2079 1947 quae
2096 1903 2135 1938 fit
2152 1917 2213 1951 per
2232 1917 2306 1940 ma-

1337 1938 1452 1986 jorem
1466 1968 1476 1984 ,
1503 1942 1535 1976 8(
1554 1946 1722 1980 minorem
1741 1944 1949 1982 divisionem
1964 1976 1974 1990 ,
2003 1949 2046 1987 de
2061 1964 2129 1999 qua
2149 1955 2306 1998 diveria,

1343 1990 1398 2025 vel
1416 1991 1484 2025 alia
1498 2019 1508 2034 ‚
1534 1992 1567 2026 &
1580 1993 1643 2028 alia
1658 1993 1828 2031 divisione
1847 1998 2032 2042 procedit,
2063 2014 2165 2050 atque
2188 2002 2236 2038 est
2253 2007 2304 2039 di-

1339 2039 1488 2076 versitas
1511 2041 1671 2089 specifica
1700 2056 1927 2082 numerorum
1943 2062 1952 2090 3
1968 2059 2006 2084 ut
2023 2063 2110 2096 ergo
2123 2066 2168 2089 ex
2186 2055 2303 2099 prima

1340 2088 1510 2127 divisione
1535 2093 1698 2129 causatur
1716 2096 1826 2140 prima
1847 2108 2074 2136 numerorum
2094 2104 2233 2149 species.
2250 2108 2302 2140 ita

1341 2151 1390 2175 ex
1403 2140 1718 2189 subsequentibus,
1731 2155 1828 2181 certo
1851 2146 1984 2194 semper
1995 2151 2105 2197 gradu
2127 2154 2171 2188 ab
2184 2157 2303 2189 unita-

1339 2198 1374 2226 te
1389 2189 1595 2228 distantibus
1609 2220 1619 2235 ,
1632 2193 1826 2239 exsurgunt
1843 2198 1916 2231 aliae
1931 2226 1941 2242 ,
1954 2196 2060 2248 &2159
2074 2214 2302 2238 numerorum

1336 2239 1468 2287 species
1481 2269 1490 2283 ,
1503 2254 1579 2289 quae
1594 2251 1726 2289 quanto
1746 2244 1917 2291 majorem
1936 2259 2118 2286 numerum
2133 2254 2244 2287 confla
2254 2264 2301 2295 nt,

1336 2301 1379 2325 eo
1394 2292 1471 2338 plus
1489 2292 1618 2328 habent
1633 2292 1676 2329 de
1691 2299 1741 2341 pri
1753 2296 1896 2331 vatione
1908 2303 2027 2343 primae
2045 2302 2241 2337 unitatis-’Sc
2259 2302 2299 2337 fi·

1336 2343 1407 2376 cuti
1429 2344 1540 2388 accipi
1558 2355 1622 2376 non
1648 2338 1873 2389 polliintduae
1901 2347 2090 2386 divisiones
2118 2353 2300 2400 aequalitcr

1333 2390 1377 2424 ab
1395 2395 1529 2426 unitate
1545 2396 1655 2438 prima
1672 2394 1835 2430 distantes
1850 2423 1860 2438 ,
1876 2401 1922 2432 ita
1938 2410 2002 2434 nec
2020 2406 2160 2436 evenire
2174 2402 2299 2447 potest,

1335 2450 1373 2475 ut
1387 2439 1459 2475 duo
1491 2439 1554 2475 sint
1585 2449 1720 2478 numeri
1744 2444 1894 2491 ejusdem
1925 2446 2079 2497 specifice
2106 2451 2298 2497 perfet‘tio—

1332 2493 1386 2525 nis
1399 2517 1410 2532 ,
1433 2490 1487 2525 sed
1501 2502 1645 2537 oportet
1677 2498 1819 2528 omnino
1863 2508 1968 2532 unum
1997 2499 2039 2534 ab
2078 2504 2149 2536 aiio
2183 2501 2295 2547 specie

1337 2538 1477 2576 differre
1490 2569 1499 2583 ‚
1526 2541 1558 2576 8(
1573 2545 1686 2588 magis
1699 2571 1709 2585 ,
1722 2543 1755 2577 8<
1771 2548 1884 2580 minus
1903 2547 1947 2582 ab
1964 2554 2101 2586 unitate
2119 2551 2291 2597 elongari:

1331 2602 1399 2625 non
1416 2602 1501 2637 ergo
1522 2595 1684 2637 privatio
1703 2593 1884 2631 constituit
1907 2609 2089 2635 numerum
2107 2604 2296 2647 „inquan-

1332 2648 1408 2674 tum
1424 2653 1591 2676 numerus
1605 2642 1690 2678 dicit
1706 2645 1908 2689 entitatem,
1922 2659 2001 2683 cum
2021 2650 2186 2697 quicquid
2201 2651 2294 2687 estin

1333 2701 1480 2726 numero
1495 2696 1651 2727 entitatis
1665 2720 1674 2735 ,
1685 2692 1723 2728 {it
1739 2694 1783 2729 ab
1799 2706 1865 2731 una
1878 2707 2059 2743 acceptum
2075 2710 2293 2746 quantitate,

1331 2751 1370 2777 ut
1395 2741 1542 2789 proinde
1559 2752 1635 2777 tota
1652 2744 1791 2779 realitas
1806 2744 1998 2792 specierum
2019 2756 2151 2786 numeri
2168 2751 2212 2786 de
2234 2752 2294 2786 illo

1331 2790 1497 2838 pofitivo,
1510 2792 1604 2839 quod
1621 2795 1854 2841 participatur
1866 2822 1876 2838 ,
1901 2801 2043 2834 oriatur
2057 2827 2066 2842 ,
2081 2813 2145 2836 non
2160 2811 2208 2834 ex
2226 2803 2295 2847 pri-

1332 2846 1461 2877 vativo
1480 2855 1490 2884 3
1519 2841 1679 2878 distincto
1706 2856 1792 2880 vero
1805 2845 1930 2891 speciei
1945 2845 2089 2898 aspecie
2105 2861 2150 2886 ex
2164 2850 2246 2892 alio,
2262 2850 2294 2885 8<

1332 2893 1402 2927 alio
1426 2892 1530 2927 modo
1555 2893 1766 2939 procedendi
1785 2893 1846 2931 fiat
1863 2921 1872 2930 .

1382 2941 1442 2978 Est
1471 2953 1637 2988 praeterea
1661 2945 1749 2979 alius
1764 2956 1930 2982 numerus
1953 2947 2110 2994 apposite
2121 2949 2295 2993 formalis·

1329 3003 1555 3039 nuncupatus
1571 3014 1587 3028 .«
1606 2994 1686 3028 Ηοε
1710 2999 1805 3029 enim
1819 3007 1964 3033 numero
1982 2998 2098 3045 aliqua
2113 3011 2296 3035 numeran-

1329 3051 1388 3078 tur
1406 3043 1465 3077 sub
1495 3043 1610 3090 aliqua
1628 3047 1760 3079 unitate
1774 3044 1923 3090 formali,
1941 3059 2044 3094 quam
2065 3053 2293 3095 participant,

1322 3093 1443 3129 >veluti
1459 3093 1641 3128 individua
1656 3092 1810 3140 ejusdem
1824 3095 1965 3141 speciei.
1984 3096 2018 3131 Is
2035 3101 2163 3133 etenim
2177 3110 2294 3134 nume-

1328 3152 1390 3177 rus
1417 3146 1534 3177 oritur
1549 3154 1595 3179 ex
1616 3142 1782 3179 divifione
1809 3147 1912 3181 unius
1933 3146 2051 3181 formae
2080 3147 2244 3192 specificae
2260 3154 2293 3184 in

1329 3200 1452 3238 partes
1470 3192 1700 3239 subjefkivan
1717 3196 1936 3240 quiproinde
1954 3208 2019 3231 non
2040 3197 2137 3231 addit
2159 3199 2294 3241 aliquid

1324 3242 1424 3287 supra
1438 3253 1597 3278 naturam
1613 3244 1758 3290 speciei:
1785 3255 1887 3291 atque
1904 3246 1985 3280 hinc
2003 3246 2135 3282 constat
2154 3247 2294 3284 differre

1325 3291 1346 3328 ὲ,
1370 3302 1518 3327 numero
1544 3291 1709 3329 essentiali
1728 3318 1738 3336 ‚
1764 3298 1844 3341 quia
1866 3295 1967 3341 hujus
1981 3308 2161 3333 numerata
2177 3324 2186 3339 ,
2209 3310 2291 3343 (με

1325 3341 1401 3377 sunt
1421 3354 1550 3390 genera
1564 3368 1575 3383 ,
1597 3343 1650 3378 vel
1677 3342 1805 3389 specics
1825 3344 2028 3380 subalternae
2046 3374 2054 3387 ‚
2070 3346 2203 3381 addunt
2221 3348 2292 3382 for-

1325 3403 1418 3426 mam
1443 3392 1593 3439 aliquam
1609 3419 1618 3435 ,
1640 3404 1713 3438 quae
1729 3398 1942 3439 importatur
1956 3406 2017 3442 per
2035 3395 2282 3440 differentiam,

1323 3441 1426 3488 super
1444 3443 1616 3477 unitatem
1641 3444 1783 3488 generis
1796 3470 1805 3477 .

1377 3493 1621 3528 Veruntamen
1650 3504 1816 3527 numerus
1832 3495 2064 3529 act-snsetx,<·al.³s
2076 3521 2085 3535 ,
2102 3506 2143 3541 qu
2154 3495 2219 3543 (ut
2234 3496 2287 3533 di-

1321 3542 1418 3578 &um
1433 3541 1480 3576 est
1495 3541 1566 3587 )ex
1579 3546 1734 3577 continui
1752 3542 1920 3580 divisione
1934 3546 2095 3579 cantatur
2113 3571 2122 3586 ,
2135 3544 2231 3581 licuti
2255 3551 2287 3582 in

1321 3604 1364 3628 eo
1385 3591 1480 3627 Quod
1497 3591 1671 3628 dividitur
1697 3591 1744 3627 est
1758 3595 1972 3628 continuitas
2000 3598 2216 3640 quantitatis
2229 3623 2239 3638 ,
2253 3597 2287 3632 δε.

1321 3653 1377 3678 res
1394 3629 1528 3688 ⁴quanta
1541 3668 1551 3683 ,
1575 3642 1624 3675 ita
1643 3640 1674 3675 8<
1690 3641 1758 3687 ipie
1784 3654 1949 3677 numerus
1967 3643 2096 3690 duplex
2113 3643 2172 3687 est,
2189 3658 2284 3681 nem-

1319 3703 1364 3737 pe
1377 3690 1676 3733 Mathematicus,
1700 3691 1739 3731 &
1753 3692 1951 3727 natarali-⁴5.
1975 3692 2088 3729 ‘Prior
2102 3696 2284 3741 esimusti-

1319 3743 1403 3776 tudo
1415 3750 1616 3786 aggregata
1633 3753 1677 3776 ex
1693 3742 1891 3777 rationibus
1906 3745 2074 3785 unitatis,
2083 3754 2122 3778 ut
2129 3749 2284 3792 partiti-

1313 3796 1406 3840 pant
1418 3793 1684 3840 quantitatem:
1705 3789 1903 3827 Ternarius
1918 3794 2010 3829 enim
2037 3805 2200 3829 nun-,crat
2219 3805 2241 3829 ti
2254 3798 2286 3831 ia

1844 3841 1879 3878 A
1908 3852 1927 3878 a
1945 3854 1966 3881 a
2156 3856 2268 3891 quan-

2371 280 2514 308 g·¹untur‚
2540 275 2569 303 8(

2368 310 2525 340 substantioe
2558 329 2570 345 5

2368 348 2394 374 δί
2410 351 2462 377 alia
2485 360 2570 387 geae-

2369 396 2398 414 ra
2431 398 2440 422 3
2480 389 2566 418 Siruri

2370 426 2396 452 3<
2410 426 2463 464 ipsa
2478 437 2567 464 quin-

2370 472 2436 492 tiras
2457 483 2467 497 ‚
2500 466 2564 495 curn

2367 502 2529 532 divisionem

2365 539 2453 568 subire
2488 543 2566 571 intel.

2364 578 2458 617 ligitur
2471 591 2565 611 nume-

2365 627 2562 649 renumeratur

2364 656 2513 689 essentiali.

2344 1795 2410 1834 Qa
2423 1797 2534 1825 ratione

2343 1843 2451 1861 numeri
2475 1837 2545 1863 inter

2343 1875 2368 1899 ie
2382 1872 2469 1909 speeie
2493 1873 2546 1901 dif-

2342 1910 2416 1939 ferre
2442 1912 2545 1947 intelli.

2342 1958 2445 1988 gantur
2459 1969 2467 1979 .
