2617 4142
104 478 178 510 'Opld
215 474 312 502 interfit

109 514 176 536 inter
201 510 314 534 Theon-

108 543 210 575 gamin
227 550 268 572 its:
287 542 311 565 &

107 575 224 607 'slieolxg
244 582 310 600 im.»

106 610 171 634 min
181 615 260 634 noma
272 623 282 631 .

131 1043 311 1073 Subiectum-

94 1076 254 1108 'Theologiae
285 1077 309 1100 in

102 1110 127 1133 sc
150 1110 184 1132 est
222 1110 310 1138 ips&

98 1142 176 1167 Deus
220 1148 311 1171 quate-

101 1182 149 1197 nns
171 1172 213 1198 hac
239 1175 312 1205 den-

100 1210 159 1232 lia,

0 4047 20 4142 ..aff

355 320 387 350 in
406 313 579 350 intellec‘tu
594 313 655 350 sibi
677 312 946 364 proportionato
960 331 971 353 ε
1001 319 1198 367 Theologia
1224 321 1309 357 vero

355 367 388 398 in
413 365 538 407 nobis,
562 366 644 399 talis
661 369 840 412 cognitio,
868 370 1003 417 qualem
1035 371 1228 407 intelleftus
1252 383 1311 405 no-

352 413 423 448 ·ster
436 424 537 449 natus
552 413 739 457 esthabere
754 417 797 451 de
811 419 871 454 illo
893 419 1033 466 objeao
1046 447 1054 456 .
1084 420 1307 469 Exemplum

353 461 374 497 si
394 463 520 507 aliquis
547 464 740 502 intellec-'tus
757 469 914 515 nequiret
937 470 1127 515 intelligere
1149 470 1308 505 Geome-

352 513 500 555 mealia,
513 512 619 559 posset
631 525 749 552 autem
760 518 865 553 alicui
879 518 1021 553 credere
1042 521 1083 555 de
1102 519 1309 555 Geometri-

348 562 485 596 calibus
500 590 509 604 ‚
534 562 745 602 Geometria
760 567 842 604 esset
855 572 884 603 ei
916 567 1002 604 fides
1018 595 1027 609 ,
1053 582 1120 604 non
1150 569 1305 609 scientia3

347 612 431 645 eslet
446 613 605 647 tamenin
625 615 655 648 le
668 615 831 661 scientia,
856 619 937 665 quia
958 618 1134 665 objeeftum
1149 617 1306 652 Geome-

346 665 423 695 triae
440 671 560 696 natum
576 661 627 698 est
653 665 766 702 facere
777 668 818 704 de
832 668 861 702 se
891 668 1062 703 scientiam
1083 673 1113 703 in
1129 667 1304 703 intelleetu

347 712 618 756 proportionato
630 738 640 747 .
655 712 812 752 Rursum
829 743 840 757 ‚
856 719 1045 752 veritatum
1063 716 1285 762 Theologica
1296 735 1303 742 -

345 771 423 793 rum
461 761 534 795 aliae
574 761 647 796 sunt
677 765 894 809 necefl‘ariae‚
918 778 994 813 quae
1030 780 1151 813 nempe
1192 767 1302 801 insunt

346 807 511 853 Deitati‚
537 811 807 858 independenter
833 815 852 852 a
886 819 1056 865 principio
1072 818 1203 851 libero:
1227 817 1301 849 aliae

345 870 435 892 vcro
453 859 805 909 suntcontingentes,
830 877 978 913 quarum
1011 871 1173 900 nimirum
1198 865 1300 899 causa

344 911 454 954 prima
472 908 518 944 cst
532 909 653 946 divina
668 915 830 950 voluntas
843 943 850 949 .
869 915 984 960 Juxta
999 927 1082 962 ergo
1100 915 1171 948 haec
1182 917 1302 948 omnia.

341 957 498 992 membra
512 958 653 994 soluturi
671 962 909 1010 Quaestionem
923 989 932 997 .

393 1005 593 1042 Dicendum
612 1013 724 1055 primo
738 1041 749 1055 ‚
776 1012 930 1049 Primum
941 1012 1128 1059 subjeetum
1144 1011 1303 1049 Theolo-

340 1057 408 1102 vgiae
422 1061 451 1092 in
465 1056 494 1091 se
508 1083 519 1099 ‚
545 1068 716 1105 quantum
734 1063 777 1097 ad
803 1064 972 1098 veritates
999 1064 1206 1101 necessarias
1220 1090 1230 1105 ‚
1253 1061 1302 1098 est

340 1106 407 1152 ipse
420 1106 534 1148 Deus3
547 1119 614 1142 non
633 1109 693 1143 sub
706 1116 843 1147 ratione
868 1112 983 1157 aliqua
1010 1114 1221 1154 universali,
1248 1122 1302 1146 at·-

341 1156 500 1190 tributali
519 1157 573 1190 vel
593 1156 784 1203 respec'tiva
803 1188 814 1203 ‚
846 1161 900 1195 sed
915 1164 981 1209 qua
995 1162 1046 1199 cst
1059 1164 1125 1198 haec
1141 1164 1299 1201 essentia.

337 1203 442 1239 Prior
455 1202 685 1241 conclusionis
701 1222 782 1250 pars
797 1210 1107 1259 probaturprimo:
1127 1214 1223 1249 Nam
1237 1213 1300 1247 οἷ)-

331 1254 465 1304 ]εξῖυπι
482 1256 634 1301 primum
648 1258 794 1295 scientiae
806 1266 958 1297 continet
974 1264 1170 1299 virtualiter
1179 1271 1300 1298 omnes

341 1304 516 1339 veritates
531 1303 620 1338 illius
636 1305 775 1344 habitus
791 1337 802 1352 ‚
826 1311 926 1358 cujus
953 1313 995 1347 c'i
1016 1315 1167 1359 primurn
1193 1313 1300 1359 subje-

338 1352 458 1388 ftum:
487 1353 542 1387 sed
562 1355 646 1389 nihil
663 1364 817 1394 continet
847 1362 1017 1397 veritates
1046 1362 1300 1407 Theologicas‚

340 1401 401 1438 nili
423 1401 525 1437 Deus
543 1417 553 1446 ;
580 1416 665 1451 ergo
681 1407 744 1453 ipse
766 1408 867 1445 Deus
879 1410 918 1444 sit
933 1422 1076 1458 oportet
1093 1411 1302 1457 Theologiae

343 1451 538 1497 subjet‘tum
551 1479 560 1489 .
585 1453 753 1492 Probatio
770 1461 939 1502 minoris3
966 1461 1065 1498 Nihil
1079 1461 1173 1497 aliud
1186 1462 1304 1496 conti-

336 1510 401 1536 ·net
418 1513 480 1537 ens
498 1511 536 1537 ut
548 1505 649 1539 causa
662 1533 673 1548 ‚
700 1504 771 1542 five
789 1507 892 1551 illud,
906 1510 950 1544 ad
963 1512 1059 1559 quod
1071 1513 1189 1546 omnia
1200 1510 1301 1545 redu—

340 1560 466 1586 cuntur
484 1563 545 1598 per
560 1554 857 1593 attributionem:
889 1557 969 1594 Nec
992 1560 1122 1608 aliquid
1148 1561 1303 1596 continet

337 1613 399 1635 ens
412 1610 453 1635 ut
478 1598 621 1637 effeetus
644 1605 933 1654 demonstratione
955 1613 1062 1658 quia:
1085 1621 1164 1646 nam
1189 1610 1302 1645 nullus

339 1649 482 1685 effeetus
499 1650 643 1688 ostendit
663 1653 784 1692 Deum
803 1655 964 1701 Trinum‚
982 1672 1058 1707 quae
1072 1660 1302 1696 nihilominus

332 1699 388 1735 -est
427 1700 599 1746 potissima
632 1709 766 1741 veritas
796 1704 1052 1752 Theologica3
1092 1711 1125 1745 8<
1166 1706 1302 1751 fimilia3

337 1749 616 1796 quandoquidem
645 1756 754 1799 igitur
777 1768 901 1792 omnes
926 1755 1151 1804 Theologicae
1170 1762 1301 1793 verita-

337 1809 391 1835 tes
408 1803 439 1833 in
455 1799 537 1834 Deo
550 1805 770 1839 continentur
784 1832 794 1847 ‚
808 1806 892 1842 nihil
904 1808 1000 1842 aliud
1016 1810 1058 1843 ab
1072 1810 1141 1855 ipso
1169 1806 1218 1843 est
1234 1808 1302 1854 pri-

336 1860 437 1885 mum
451 1845 660 1895 Theologiae
671 1852 859 1900 subjectum
876 1882 884 1891 .
915 1855 1054 1893 Deinde
1066 1887 1076 1901 ,
1103 1858 1302 1902 Theologia

338 1900 372 1933 in
387 1899 417 1933 se
432 1898 479 1933 est
501 1898 543 1933 de
559 1899 709 1948 hiS‚quae
722 1905 780 1940 soli
793 1905 983 1941 intelieffii
996 1906 1123 1943 divino
1138 1908 1214 1942 sunt
1239 1916 1301 1941 na·

336 1949 498 1984 turaliter
511 1951 754 1998 cognita-ergo
772 1954 819 1990 est
832 1954 874 1990 de
886 1955 1002 2002 aliquo
1017 1958 1075 1992 soli
1098 1957 1179 1993 Deo
1198 1965 1300 1992 natu-

333 1999 459 2032 raliter
473 2008 586 2042 not03
616 2000 669 2035 sed
699 2004 789 2038 solus
815 2004 917 2041 Deus
943 2005 991 2041 est
1011 2006 1073 2042 sibi
1096 2004 1302 2043 naturaliter

335 2056 443 2083 notus
458 2059 469 2090 ς
496 2059 583 2093 ergo
606 2046 810 2097 Theologia
820 2054 868 2090 est
885 2053 928 2090 de
948 2055 1030 2092 Deo
1043 2084 1052 2099 ,
1069 2066 1111 2091 ut
1128 2058 1170 2093 de
1184 2059 1298 2100 primo

337 2097 413 2144 ejus
432 2096 586 2143 subjefto
600 2125 608 2133 .
621 2099 794 2137 Probatio
807 2105 1066 2140 antecedentis:
1081 2106 1101 2141 fi
1117 2101 1302 2143 istascien-

337 2147 389 2182 tia
406 2144 454 2181 est
469 2147 509 2182 de
525 2148 698 2194 aliquibus
720 2151 821 2186 alicui
836 2154 894 2188 alii
920 2154 1109 2191 inteileftut
1136 2156 1305 2192 naturali-

338 2205 392 2230 ter
405 2200 496 2231 notis
512 2210 522 2238 ;
550 2209 634 2244 ergo
661 2210 785 2246 praeter
804 2201 886 2244 ista,
915 2205 1029 2251 aliqua
1056 2206 1123 2241 alia
1148 2207 1221 2242 sunt
1246 2217 1304 2241 co-

337 2245 542 2292 gnoscibilia
558 2250 769 2284 naturaliter
783 2251 839 2286 soli
857 2254 1048 2289 intelleetui
1067 2254 1188 2291 divino
1201 2268 1211 2290 ε
1223 2256 1302 2290 cum

334 2293 497 2330 infinitus
514 2294 553 2328 sit
570 2323 579 2336 ,
602 2309 644 2332 ac
659 2299 798 2335 subinde
827 2302 928 2348 longe
950 2305 1098 2349 plurium
1125 2305 1304 2348 cognosci-

340 2347 439 2380 tivus
453 2372 463 2386 ‚
474 2345 576 2391 quam
593 2348 791 2384 intellectus
804 2348 921 2390 finitus
935 2378 944 2393 ‚
956 2355 1014 2387 cui
1034 2354 1145 2400 pottst
1164 2355 1226 2391 effe
1241 2366 1301 2390 na⁴

342 2394 504 2430 turaliter
519 2399 663 2440 cognita
685 2400 800 2432 omnis
813 2400 952 2436 essentia
968 2413 1097 2445 creata,
1111 2406 1220 2450 igitur
1234 2404 1302 2440 alia

343 2444 480 2479 scientia
508 2442 556 2478 est
576 2444 729 2491 superior
743 2446 939 2496 Theologia
954 2478 964 2492 ,
994 2464 1115 2499 nempe
1139 2466 1203 2497 ea,
1229 2464 1305 2498 quae

340 2492 391 2528 est
406 2491 450 2527 de
462 2496 671 2530 naturaliter
681 2499 774 2531 notis
790 2501 927 2535 rantum
954 2501 1143 2537 intellefftui
1155 2503 1303 2547 infinito,

338 2547 423 2589 quia
441 2540 490 2576 est
504 2544 572 2578 erit
590 2545 633 2579 de
651 2547 862 2583 naturaliter
882 2551 972 2585 notis
993 2551 1181 2587 intelicetui
1206 2564 1303 2587 crea-

335 2601 377 2628 to
391 2618 401 2627 .
436 2590 600 2638 Denique
614 2595 807 2640 probatur:
821 2602 901 2644 quia
919 2604 950 2634 in
967 2600 1056 2634 nulla
1076 2602 1214 2637 seientia
1230 2611 1302 2637 tra-

341 2641 505 2676 diturita
519 2641 681 2678 distincta
696 2650 853 2691 cognitio
866 2649 908 2683 de
920 2660 986 2684 non
999 2662 1060 2695 per
1087 2651 1117 2687 se
1142 2650 1303 2697 subjetfto,

335 2689 426 2725 sicut
437 2690 479 2724 de
494 2702 554 2736 per
572 2692 602 2727 se
619 2694 694 2739 ejus
712 2694 1032 2745 subiectoxalioquin
1049 2712 1114 2735 non
1143 2700 1226 2736 esset
1249 2712 1302 2735 ra-

337 2741 392 2775 tio
406 2766 433 2786 ,ὁ
447 2751 555 2787 quare
567 2741 652 2776 illud
668 2744 857 2789 subjeetum
882 2757 1069 2794 poneretur
1090 2751 1202 2796 magis
1229 2749 1303 2785 sub-

336 2790 346 2798 '
372 2787 468 2823 &tum
482 2788 559 2836 ejus
574 2789 698 2838 ,quam
710 2794 832 2828 aliud:
858 2798 971 2842 igitur
983 2795 1004 2831 fi
1020 2797 1121 2833 Deus
1136 2810 1202 2833 non
1216 2798 1299 2834 esset

380 2838 547 2885 heologiae
560 2841 592 2873 in
606 2840 636 2875 se
653 2840 844 2887 subjefftum
860 2872 872 2888 ‚
885 2858 950 2881 non
968 2847 1166 2883 traderetur
1183 2849 1230 2883 ita
1247 2848 1301 2883 di·

338 2887 462 2923 stineta
477 2889 632 2933 cognitio
646 2890 688 2925 de
702 2893 771 2939 ipso
786 2920 796 2936 ‚
825 2893 910 2930 ficut
935 2895 1134 2932 traderetur
1157 2901 1192 2932 in
1219 2898 1300 2940 alia,

336 2936 442 2983 cujus
456 2938 562 2983 posset
580 2938 644 2974 effe
660 2940 851 2987 subjeetum
866 2970 874 2979 .
903 2943 1018 2980 Potest
1035 2954 1153 2981 autem
1176 2958 1301 2981 revera

338 2986 404 3023 effe
418 2986 603 3034 subjeetum
618 2989 787 3026 scientiae:
810 2995 918 3038 igitur
950 2993 1008 3028 illa
1030 2994 1119 3030 foret
1141 2995 1300 3031 Theolo-

338 3040 397 3082 gia
412 3037 617 3083 inseprior:
644 3050 730 3085 ergo
755 3040 835 3077 cum
856 3040 947 3078 nulla
965 3043 1103 3079 scientia
1127 3042 1168 3079 fit
1191 3046 1299 3091 prior,

337 3085 372 3120 ἃ
386 3086 489 3120 altior
508 3084 706 3135 Theologia
721 3091 751 3122 in
765 3089 814 3132 se,
841 3090 1155 3139 ipsius'subjeetum
1173 3106 1238 3128 non
1253 3094 1300 3129 est

337 3135 431 3170 aliud
446 3162 456 3177 ‚
469 3135 527 3170 nisi
542 3136 645 3173 Deus
660 3164 668 3173 .
681 3137 831 3175 Accedit
842 3144 952 3176 etiam
966 3168 976 3182 ‚
999 3142 1093 3188 quod
1114 3143 1299 3178 seeundum

339 3183 589 3229 Augustinum‚
605 3197 657 3231 ¹4-
672 3188 714 3221 de
731 3189 949 3236 Trina-cap.
967 3201 991 3224 1.
1009 3191 1048 3231 ἐς
1062 3204 1095 3237 4.
1113 3190 1180 3226 Ista
1194 3192 1298 3228 scien-

343 3236 393 3268 tia
408 3232 458 3268 est
474 3234 516 3268 de
528 3235 595 3269 illis
610 3263 619 3278 ‚
633 3236 760 3282 quibus
774 3237 859 3274 fides
881 3242 1044 3285 gignitur
1058 3268 1068 3283 ‚
1090 3240 1298 3285 defenditur,

339 3285 373 3319 8(
398 3283 611 3318 roboratur:
650 3298 735 3331 ergo
764 3286 812 3321 est
841 3287 886 3323 de
904 3289 964 3323 illo
988 3289 1113 3325 eodem
1137 3289 1298 3336 subjeetQ

338 3332 434 3380 quod
444 3332 493 3368 est
507 3334 656 3379 primum
672 3335 861 3381 subjeetum
876 3336 976 3373 fidei:
1004 3340 1056 3374 sed
1074 3338 1161 3374 fides
1191 3338 1239 3374 est
1254 3339 1298 3375 de

339 3385 496 3418 veritate
513 3386 711 3430 p1·ima‚quae
725 3384 826 3421 Dens
840 3385 990 3432 esttergo
1001 3389 1033 3423 8(
1046 3386 1246 3433 TheologIa
1262 3390 1295 3424 in

335 3432 369 3466 se
384 3434 450 3466 erit
464 3431 510 3467 de
530 3431 654 3467 eodem
673 3432 770 3476 Deo,
784 3445 823 3469 ut
834 3436 875 3471 de
890 3436 993 3484 ipsius
1004 3442 1118 3484 primo
1133 3437 1295 3485 subjeffio.

389 3480 564 3516 Posteri-or
575 3481 799 3518 conclusionis
815 3495 909 3530 pars,
922 3488 1044 3533 nempe
1059 3513 1070 3530 ,
1099 3485 1218 3522 Deum
1236 3486 1296 3522 sub

336 3535 473 3565 ratione
486 3556 496 3571 ‚
507 3542 574 3576 qua
588 3530 636 3566 est
650 3530 717 3566 haec
730 3535 886 3577 mentia,
898 3533 963 3570 esse
977 3534 1163 3583 subjeetum
1175 3534 1296 3572 Theo-

339 3581 438 3626 logice
456 3583 487 3613 in
507 3579 559 3621 se,
585 3580 640 3615 seu
657 3581 850 3616 intellectus
877 3583 1013 3618 divini:
1038 3585 1072 3619 8(
1087 3598 1152 3620 non
1172 3585 1230 3619 sub
1244 3598 1296 3622 ra-

339 3631 433 3664 tione
450 3629 564 3675 aliqua
580 3631 792 3672 universali,
814 3632 1009 3668 attributali
1028 3660 1038 3676 ‚
1054 3636 1110 3669 vel
1137 3634 1294 3680 respefti-

340 3691 386 3714 va
403 3678 618 3723 :probature
646 3678 742 3713 Nam
753 3679 870 3714 nullus
887 3692 1076 3727 conceptus
1089 3688 1296 3727 communis,

341 3727 557 3761 attributalis
569 3728 658 3773 ‚tvel
676 3728 890 3775 respectivus
906 3755 916 3770 ‚
928 3736 1083 3767 continet
1099 3733 1296 3769 virtualiter

341 3787 464 3810 omnes
479 3779 650 3811 veritates
667 3779 808 3824 proprie
822 3776 1295 3826 Theologicas‚pertinentes

337 3823 385 3860 ad
398 3823 632 3873 pluralitatem
649 3826 1071 3874 personarumfiEtenimsi
1089 3835 1296 3875 contineret,

883 220 1146 292 Summa?
1164 223 1425 309 Ioannis
1462 225 1633 294 Duns
1663 225 1828 294 Stati
1846 278 1861 294 .

1381 317 1460 352 cum
1477 319 1644 363 cjumodi
1657 332 1850 368 conceptus
1872 320 2083 355 naturaliter
2103 321 2343 366 concipiantur

1382 366 1524 410 a1nobis
1540 394 1549 409 ‚
1571 367 1872 415 &proposiiones
1899 370 2036 405 subinde
2065 369 2275 405 immediatae
2301 369 2343 403 de

1382 417 1450 452 illis
1465 419 1695 464 conceptibus
1708 419 1839 463 possent
1850 418 1869 455 a
1882 420 1984 454 nobis
2002 420 2210 454 naturaliter
2227 421 2341 453 conci-

1381 468 1437 513 pi,
1470 466 1502 501 8(
1514 467 1681 513 intelligi:
1705 468 1738 502 8(
1763 481 1825 514 per
1839 468 1916 503 illas
1939 467 2191 516 propositiones
2218 469 2340 503 imme·

1380 517 1496 551 diatas
1508 542 1518 558 ‚
1545 517 1628 551 scire
1642 516 1815 562 possemus
1831 516 2070 552 conclusiones
2083 544 2093 559 ‚
2110 518 2142 552 8(
2157 521 2207 551 ita
2221 526 2340 552 totam

1378 563 1614 610 Theologiam
1630 566 1852 608 naturaliter,
1877 566 1910 600 &
1934 571 2024 601 citra
2049 577 2191 601 omnem
2208 570 2339 601 revela-

1379 619 1531 656 tionem,
1558 615 1732 650 addiscere
1750 642 1761 658 ,
1788 616 1881 662 quod
1900 627 2003 649 nemo
2022 613 2158 650 dixerit
2174 640 2183 648 .
2199 614 2337 650 Deinde

1378 672 1572 710 conceptus
1586 665 1630 699 illi
1643 675 1847 701 communes
1865 692 1874 707 ,
1888 664 2137 704 attributaies,
2160 665 2216 698 vel
2229 664 2338 709 respe-

1379 713 1487 754 ftivi,
1506 723 1551 746 ex
1565 724 1634 754 quo
1646 726 1711 748 non
1737 714 1810 749 sunt
1840 715 1896 750 soli
1915 714 2000 750 Deo
2025 713 2233 748 naturaliter
2248 713 2335 746 noti:

1376 766 1455 807 quia
1469 756 1684 811 attingibiles
1693 775 1757 809 per
1768 763 2070 812 Metaphyficam:
2088 774 2150 796 nec
2166 765 2336 797 veritates

1377 814 1408 845 in
1430 810 1495 845 illis
1512 813 1643 847 inclusae
1660 814 1891 859 conceptibus
1909 840 1919 855 ‚
1943 813 1985 848 de
2001 811 2124 860 quibus
2141 810 2190 846 est
2217 809 2337 846 Theo-

1374 859 1468 906 logia
1487 887 1498 903 ‚
1522 873 1622 897 erunt
1638 861 1694 897 soli
1715 861 1797 897 Deo
1810 863 2016 898 naturaliter
2034 870 2122 896 notae
2138 886 2148 895 .
2177 859 2336 896 Theolo-

1372 913 1428 956 gia
1441 919 1560 944 autem
1575 916 1604 946 in
1616 911 1646 946 se
1661 910 1847 948 dumtaxat
1861 910 2054 948 intelle-fini
2067 910 2188 945 divino
2198 909 2247 945 est
2257 922 2336 958 pro·

1373 963 1576 1005 portionata
1588 986 1599 1001 ‚
1612 961 1643 995 8(
1656 961 1863 996 naturaliter
1874 971 1955 998 nota
1975 973 1984 996 τ
2007 972 2092 1006 ergo
2118 958 2219 1006 ipsius
2242 960 2335 1008 obje.

1375 1007 1471 1042 ftum
1489 1008 1634 1044 formale
1652 1007 1702 1044 est
1724 1011 1931 1047 naturaliter
1949 1013 2211 1046 immutativum
2229 1007 2334 1044 solius

1373 1056 1572 1093 intelleetus
1591 1058 1726 1094 divini:
1747 1058 1795 1094 est
1808 1072 1895 1107 ergo
1913 1061 1997 1096 talis
2012 1063 2104 1094 ratio
2127 1059 2226 1104 prior
2237 1062 2333 1093 omni

1373 1107 1440 1141 alia
1456 1111 1591 1143 ratione
1604 1108 1660 1144 vel
1674 1114 1875 1152 communi,
1892 1111 1949 1146 vel
1966 1108 2159 1146 attributali
2174 1134 2184 1150 ‚
2210 1108 2266 1142 vel
2279 1120 2336 1143 re-

1372 1155 1525 1200 spefuva
1543 1185 1550 1193 .
1575 1157 1739 1204 Denique
1765 1155 1971 1206 Theologia
1995 1159 2080 1206 in{sc
2109 1157 2157 1193 est
2188 1157 2335 1193 scientia

1372 1207 1634 1242 eminentissima
1647 1211 1802 1243 omnium
1817 1222 1827 1250 ς
1854 1221 1942 1255 ergo
1956 1209 1999 1244 de
2013 1206 2172 1243 altiffimo
2184 1205 2335 1253 objecto,

1372 1255 1405 1290 8(
1418 1256 1480 1291 sub
1494 1262 1631 1292 ratione
1646 1256 1890 1303 perfeetiffima
1903 1260 2078 1305 :cognitio
2095 1267 2215 1292 autem
2229 1255 2337 1302 ipsius

1373 1308 1553 1354 quodquid
1564 1306 1612 1353 est
1627 1332 1637 1348 ‚
1651 1305 1702 1341 est
1715 1306 1955 1354 perfectissima
1970 1335 1981 1351 ,
1992 1317 2031 1343 ut
2044 1311 2093 1343 ait
2104 1305 2335 1353 Philosophus

1371 1364 1403 1400 7.
1416 1357 1623 1403 ffiletaphjss
1636 1356 1726 1391 Tex.
1737 1369 1817 1393 com.
1832 1370 1865 1404 4.
1883 1361 1989 1405 igitur
2001 1357 2156 1403 cognitio
2180 1354 2271 1390 illius
2283 1355 2333 1390 es-

1371 1404 1506 1448 sentiae,
1524 1416 1561 1442 ut
1575 1406 1647 1441 haec
1665 1405 1806 1444 essentia
1821 1432 1831 1449 ,
1860 1407 1908 1443 est
1927 1406 2115 1453 perfefflor
2138 1407 2236 1440 omni
2265 1405 2334 1439 alia

1372 1457 1570 1500 cognitione
1584 1484 1593 1499 ‚
1612 1465 1687 1503 quae
1701 1456 1808 1503 posl'et
1823 1458 1947 1492 haberi
1967 1456 2009 1492 de
2025 1455 2151 1491 eodem
2171 1454 2231 1489 sub
2248 1465 2333 1501 pra:-

1369 1503 1453 1538 fatis
1465 1506 1718 1549 conceptibus:
1751 1505 2121 1553 Theologiaigiturin
2136 1504 2166 1539 se
2200 1508 2270 1539 erit
2286 1502 2333 1539 de

1368 1553 1509 1600 objeeto
1522 1553 1787 1601 perse—stimmo,
1812 1555 1845 1590 &
1870 1557 1929 1591 sub
1953 1559 2092 1591 ratione
2115 1557 2197 1589 item
2218 1552 2334 1599 perfe-

1371 1601 1514 1638 stimma
1528 1630 1539 1646 ‚
1558 1604 1719 1639 absoluta
1736 1630 1746 1646 ‚
1761 1605 1794 1639 8(
1805 1609 1913 1652 priori
1924 1611 2018 1640 omni
2041 1604 2107 1640 alia
2121 1602 2285 1650 speciali,
2299 1602 2333 1637 8<

1367 1652 1550 1688 contratta
1563 1664 1625 1700 per
1635 1663 1827 1699 conceptus
1839 1681 1848 1696 ‚
1866 1656 1919 1690 seu
1935 1654 2145 1689 universales
2162 1679 2173 1695 ‚
2197 1651 2253 1686 seu
2274 1660 2334 1686 ae·-

1367 1703 1552 1738 tributales
1568 1728 1579 1744 ‚
1602 1702 1657 1737 seu
1672 1702 1894 1748 “respeeuvos
1907 1732 1914 1740 .
1945 1703 2157 1750 Exemplum
2176 1711 2185 1734 ε
2211 1702 2331 1735 Homo

1367 1751 1576 1797 intelligitur
1592 1763 1630 1787 ut
1643 1752 1772 1787 animal
1786 1756 1957 1791 rationale
1969 1781 1980 1796 ‚
2010 1762 2050 1789 ut
2067 1751 2253 1787 substantia
2268 1777 2279 1792 ,
2293 1759 2333 1785 ut

1370 1801 1584 1837 mansuetum
1603 1811 1728 1836 natura
1748 1829 1758 1844 ‚
1782 1812 1820 1839 ut
1848 1803 2089 1839 nobilissimum
2116 1801 2333 1837 animalium.

1367 1849 1407 1885 In
1421 1853 1534 1898 primo
1547 1851 1722 1886 intellectu
1740 1856 1938 1898 concipitur
1950 1853 2136 1889 secundum
2152 1854 2328 1886 rationem

1368 1901 1615 1948 quiditativam
1627 1906 1831 1948 propriam:
1846 1906 1879 1937 in
1896 1903 2044 1939 secundo
2057 1929 2068 1946 ‚
2086 1907 2121 1937 in
2140 1903 2331 1935 communi:

1368 1956 1402 1986 in
1415 1952 1523 1986 tertio
1536 1976 1546 1993 ,
1564 1961 1628 1996 per
1643 1950 1820 1994 accidens,
1838 1951 1923 1990 idest
1934 1981 1944 1995 ‚
1957 1956 1989 1988 in
2001 1955 2141 1999 propria
2160 1948 2324 1997 paffione:

1367 2003 1400 2036 in
1413 2009 1553 2048 quarto,
1566 2011 1629 2046 per
1643 2000 1836 2048 respectum
1855 2003 1898 2037 ad
1916 2003 2022 2039 aliud.
2040 2001 2111 2037 Sed
2127 1998 2332 2047 perfectissi-

1370 2062 1424 2086 ma
1444 2054 1568 2086 notitia
1581 2049 1623 2086 de
1637 2049 1773 2088 homine
1794 2063 1862 2088 non
1884 2051 1997 2100 potest
2029 2051 2094 2088 else
2122 2053 2154 2085 in
2168 2047 2329 2096 respe5h1

1367 2100 1412 2137 ad
1425 2099 1520 2136 aliud
1539 2113 1547 2135 τ
1565 2102 1645 2147 quia
1668 2102 1733 2137 ista
1753 2102 1981 2150 praesupponit
1995 2104 2154 2138 notitiam
2171 2098 2330 2134 absoluti:

1367 2162 1430 2188 nec
1446 2150 1505 2186 sub
1518 2152 1657 2199 propria
1676 2151 1851 2198 paffionc:
1875 2158 1957 2199 quia
1990 2151 2062 2186 haee
2087 2152 2216 2187 notitia
2245 2159 2334 2195 praeo

1374 2202 1532 2247 supponit
1547 2202 1786 2247 cognitionem
1799 2200 1967 2248 subjecti:
1996 2212 2061 2237 nec
2077 2204 2118 2237 de
2134 2199 2276 2234 homine
2296 2201 2331 2233 in

1369 2249 1578 2285 universali:
1596 2253 1676 2297 quia
1693 2251 1748 2287 illa
1765 2250 1813 2287 est
1826 2252 1966 2288 confusa
1980 2279 1990 2294 ,
2005 2253 2113 2297 igitur
2127 2246 2330 2284 nobilissima

1369 2303 1526 2345 cognitio
1545 2298 1587 2334 de
1606 2300 1744 2336 homine
1761 2299 1810 2336 est
1826 2301 2014 2337 secundum
2025 2302 2197 2336 rationem
2213 2296 2333 2346 quidi-

1370 2353 1517 2386 tativam
1536 2375 1544 2384 .
1560 2349 1613 2384 lta
1629 2349 1706 2384 &in
1725 2350 1809 2387 Deo
1822 2376 1831 2386 .

1421 2398 1622 2434 Dicendum
1636 2400 1800 2436 Secunde>
1816 2427 1827 2443 ‚
1852 2398 2060 2450 Theologiae
2091 2398 2211 2436 nostra
2237 2402 2271 2434 in
2299 2396 2331 2432 se

1368 2446 1594 2484 consideratae
1607 2448 1795 2495 subjee‘tum
1824 2455 2047 2489 continentia:
2066 2452 2258 2487 veritatum
2274 2459 2333 2482 ne-

1371 2497 1615 2540 cessariarum,
1641 2498 1769 2545 estipse
1785 2500 1884 2535 Deus
1913 2502 1973 2536 sub
2002 2505 2139 2536 ratione
2154 2498 2328 2534 Deitatis.

1370 2546 1557 2596 Qatenus
1570 2549 1655 2582 vero
1661 2548 1854 2594 Theologia
1864 2549 1977 2596 nostra
1989 2549 2127 2597 est‚ejus
2142 2547 2174 2584 su
2181 2547 2330 2597 bjestum

1368 2596 1554 2632 evidentiae
1570 2596 1618 2632 est
1631 2609 1690 2632 ens
1710 2597 1886 2633 infinitum
1900 2626 1908 2634 .
1931 2600 2047 2636 Prima
2063 2609 2144 2647 pars
2155 2608 2200 2632 ex
2214 2610 2256 2632 eo
2269 2608 2326 2643 pa-

1369 2654 1439 2688 tet,
1456 2650 1537 2693 quia
1557 2649 1644 2682 inter
1657 2646 1892 2696 Theologiam
1909 2653 1941 2685 in
1959 2650 1989 2686 se
2005 2674 2015 2690 ‚
2047 2650 2079 2684 8(
2093 2648 2242 2683 nostram
2260 2658 2326 2681 non

1369 2694 1510 2731 interest
1522 2723 1532 2738 ‚
1554 2694 1613 2730 nisi
1629 2697 1772 2744 quidam
1787 2698 1962 2745 respectus
1980 2695 2328 2738 rationis‚secundum

1368 2757 1474 2792 quem
1485 2744 1708 2792 Theologica
1722 2751 1846 2783 notitia
1860 2750 2013 2784 refertur
2042 2750 2086 2784 ad
2102 2746 2330 2788 intellectum,

1370 2799 1430 2842 qui
1447 2796 1514 2841 ipsa
1530 2795 1693 2842 praeditus
1705 2796 1753 2832 est
1771 2801 1923 2833 notitia:
1955 2810 2043 2844 ergo
2058 2799 2091 2834 8<
2119 2795 2329 2841 Theologiae
2351 2789 2366 2821 §

2351 2824 2497 2856 questionem
2519 2824 2562 2848 de.-

2397 2423 2567 2451 subustum„
2602 2434 2603 2437 ¹

2363 2464 2529 2482 continenuae

2362 2490 2508 2521 Tlioologltc
2524 2497 2567 2514 nc-
2585 2490 2587 2494 ’

2361 2525 2412 2547 ¹11·ae
2439 2527 2472 2546 es
2502 2522 2567 2548 Deus
2599 2527 2601 2533 ¹

2355 2555 2401 2580 sab
2439 2556 2567 2583 ration&

2357 2588 2466 2613 Deitatis
2477 2605 2483 2612 .

2353 2686 2485 2711 infinitum
2498 2700 2508 2710 .

2369 2806 2376 2813 .
2390 2790 2426 2815 Ad
2454 2792 2562 2823 prjmam

1370 2850 1403 2879 in
1423 2844 1452 2879 se
1469 2871 1479 2887 ‚
1492 2844 1527 2879 &
1540 2854 1579 2880 ut
1595 2847 1629 2880 iu
1644 2846 1825 2882 intellectu
1842 2857 1961 2883 creato
1979 2845 2218 2896 reperitur‚est
2233 2845 2326 2881 idem
2356 2856 2486 2889 17:2010350
2518 2864 2560 2882 nc-

1371 2896 1596 2930 continentiae
1612 2895 1802 2942 subiet-'tum
1821 2897 1937 2943 :quod
1949 2897 2128 2944 objectum
2147 2896 2329 2943 adaequate
2346 2892 2398 2920 ΠΝ
2411 2903 2419 2911 ·

1371 2953 1494 2979 notum
1508 2943 1556 2979 est
1569 2945 1628 2979 soli
1641 2945 1832 2981 intelleftui
1843 2947 1966 2982 divino
1980 2974 1990 2988 ‚
2017 2948 2139 2984 Beatis
2157 2958 2240 2982 vero
2253 2950 2330 2979 ina·

1372 2994 1528 3040 daequate
1543 2994 1665 3037 3nobis
1680 3004 1800 3031 autem
1811 2997 2002 3032 dumtaxat:
2030 3008 2076 3032 ex
2092 2995 2330 3030 determinata

1372 3045 1590 3078 revelatione
1628 3045 1821 3091 aliquorum
1846 3056 1891 3081 ex
1920 3046 2084 3083 infinitis:
2107 3056 2183 3091 quae
2205 3046 2238 3080 in
2266 3045 2328 3079 tali

1372 3091 1516 3137 objecto
1529 3093 1769 3129 continentur.
1795 3095 1888 3131 Cum
1914 3096 2028 3142 igitur
2046 3096 2190 3131 habitus
2206 3105 2251 3129 ex
2268 3094 2329 3128 ob-

1364 3141 1463 3189 jecto
1475 3141 1688 3177 evidentiam
1703 3148 1854 3191 accipiat
1868 3172 1878 3186 ‚
1893 3149 2043 3192 primum
2059 3143 2237 3191 objeetum
2253 3143 2328 3191 ejus

1372 3191 1407 3225 8(
1425 3190 1781 3229 virtualitercontinct
1796 3196 1902 3242 ipsum
1927 3194 2087 3230 habitum
2103 3194 2135 3229 &
2160 3197 2191 3228 in
2211 3194 2240 3230 se
2254 3221 2264 3236 ‚
2292 3193 2326 3228 8(

1372 3248 1545 3286 quatenus
1561 3238 1610 3274 est
1627 3251 1748 3277 notum
1763 3254 1917 3291 exparte
1928 3244 2117 3280 intellectui
2132 3242 2329 3279 creatassx

1372 3301 1444 3336 quo
1454 3287 1656 3324 declaratur
1672 3291 1814 3327 secunda
1827 3303 1911 3339 pars
1926 3304 1934 3326 τ
1968 3293 2110 3330 Etenim
2128 3292 2329 3338 Theologia

1371 3338 1484 3373 nostra
1501 3365 1511 3380 ‚
1523 3343 1627 3373 etiam
1642 3341 1759 3386 quoad
1773 3346 1949 3377 veritates
1962 3344 2247 3384 necessarias,n0n
2263 3343 2326 3377 ha·

1372 3389 1430 3423 bet
1445 3387 1659 3423 evidentiam
1673 3401 1719 3425 ex
1735 3390 1878 3436 objefto
1892 3419 1902 3433 ‚
1919 3391 1972 3427 sed
1987 3404 2023 3428 ut
2037 3402 2183 3439 accepta
2198 3404 2259 3440 per
2270 3404 2329 3427 re·

1369 3437 1595 3473 velationem:
1611 3439 1712 3475 aliter
1728 3450 1912 3486 propterea
1929 3442 1958 3476 se
1973 3443 2101 3477 habere
2119 3454 2185 3477 non
2201 3440 2325 3488 potest,

1370 3499 1413 3522 ac
1431 3487 1488 3520 illa
1501 3513 1511 3528 .,
1527 3498 1603 3533 quae
1616 3487 1820 3524 estevidens
1832 3501 1877 3525 ex
1892 3491 2052 3538 objecto:
2079 3491 2253 3526 duntaxat
2271 3503 2325 3525 er-

1369 3549 1415 3584 go
1432 3535 1550 3581 nostra:
1568 3537 1938 3586 Theologiaeffinostrae
1950 3540 1995 3576 est
2010 3541 2238 3587 affignandum
2253 3542 2327 3587 pri·

1371 3597 1465 3621 mum
1479 3584 1657 3631 objectum
1671 3596 1792 3622 notum
1810 3615 1820 3630 ‚
1833 3587 1873 3624 de
1892 3601 1963 3636 quo
1974 3589 2172 3625 immediate
2190 3601 2323 3636 cogno-

1370 3637 1509 3670 scuntur
1522 3640 1640 3680 primae
1652 3641 1821 3672 veritates
1833 3665 1842 3672 .
1861 3638 1948 3673 Illud
1960 3645 2081 3675 ‘autem
2098 3642 2249 3685 primum
2261 3652 2324 3675 no-

1373 3693 1447 3718 tum
1462 3683 1509 3718 est
1524 3696 1585 3719 ens
1606 3685 1789 3723 infinitum.
1802 3692 1883 3733 quia
1903 3687 1963 3723 iste
1977 3688 2025 3723 est
2038 3697 2230 3731 conceptus
2243 3701 2322 3735 per-

1369 3732 1567 3767 feetiffimus
1582 3759 1593 3775 ‚
1610 3746 1711 3780 quem
1724 3735 1897 3782 possumus
1916 3737 2043 3772 habere
2066 3737 2109 3772 de
2123 3738 2182 3773 illo
2195 3765 2205 3780 ‚
2226 3738 2321 3785 quod

1371 3781 1465 3817 estin
1484 3782 1513 3816 se
1528 3787 1678 3829 primum
1699 3789 1922 3821 continentia:
1938 3785 2126 3834 subjeetum
2139 3814 2148 3824 .
2175 3787 2233 3823 Ab
2251 3788 2319 3822 hoc

1370 3843 1456 3876 ergo
1468 3841 1635 3879 conceptu
1649 3833 1890 3880 perfeftiffimo
1918 3839 2094 3886 accipiunt
2107 3834 2319 3875 evidentiam

2161 3884 2285 3922 Theo-

2352 3557 2468 3584 Videnda
2489 3558 2558 3591 gie-Ara

2354 3591 2469 3622 Migistri
2506 3592 2556 3623 Ly-

2352 3624 2422 3649 cheti
2432 3639 2439 3648 .

2507 2588 2568 2613 Sub-
2598 2606 2599 2609 ,

2352 2621 2447 2649 leffium
2479 2628 2498 2643 a:
2513 2627 2565 2644 t-‘m

2353 2653 2566 2678 evineta-enfin?
2600 2658 2601 2662 ¹
