2616 4109
622 127 839 196 Tamus
863 127 900 197 l.
919 125 1079 196 Pars
1101 124 1140 195 1.
1160 126 1426 220 Quaestio
1442 126 1586 197 XL.
1605 129 1743 198 Art.
1764 129 1830 199 Π.

251 220 399 256 illationi
419 219 563 256 evenire
577 248 586 257 .
617 220 716 270 Qia
731 221 810 257 licet
822 226 955 259 entitas
983 221 1213 258 individualis

251 275 282 306 in
297 276 469 306 creaturis
485 283 548 317 per
562 272 590 307 se
603 271 812 306 determinet
829 283 993 308 naturam
1006 297 1016 313 .
1033 271 1212 317 faciatque

249 331 312 367 per
332 319 361 353 sc
388 330 498 355 unum
513 332 596 355 cum
614 332 653 356 ea
667 346 678 361 ,
702 329 821 356 tamen
848 321 934 358 illud
951 332 1058 356 unum
1088 322 1211 368 aliqua

251 367 501 413 compoiitione
517 370 599 406 reali
626 369 728 406 estsie
751 382 860 408 unum
883 399 892 407 .
917 372 966 407 At
995 371 1126 407 relatio
1151 369 1211 406 etii

252 429 316 466 per
327 418 355 451 se
370 430 436 454 non
452 419 667 456 determinet
680 428 842 458 naturam
858 421 1016 457 divinam
1029 447 1039 463 ‚
1054 419 1102 456 est
1119 420 1213 456 nihi·

253 468 404 503 lominus
419 469 499 504 talis
513 469 678 507 identitas
689 473 778 505 inter
790 483 862 514 eas,
875 480 916 507 ut
933 471 1074 518 prorius
1091 473 1212 505 omnis

252 516 463 554 excludatur
497 519 708 566 compositio
726 534 735 563 ς
761 523 875 557 multo
903 532 989 567 ergo
1018 519 1066 555 est
1090 531 1213 558 vei-ior

252 566 420 602 identitas
439 569 599 615 {uppoiiri
626 569 741 606 divini
758 573 789 605 in
805 572 860 613 se,
885 571 918 606 &
947 571 990 606 ad
1024 580 1215 612 naturam.

249 628 356 660 quam
373 619 533 665 suppositi
545 622 653 655 creati
667 623 699 655 in
712 618 741 655 se
755 647 765 663 ‚
781 622 838 657 vel
851 621 896 657 ad
913 621 1008 656 suam
1023 629 1184 656 naturam
1203 646 1213 660 .

251 665 390 713 Logice
416 678 530 703 tamen
559 669 735 715 loquendo
757 672 904 708 concedi
925 669 1039 718 potest
1063 668 1215 705 substan·

250 722 336 753 tiam
354 728 514 752 creatam
528 718 722 754 formaliter
733 720 804 755 dici
823 723 866 757 de
891 721 1038 768 proprio
1061 717 1215 766 suppost-

250 777 289 802 to
302 794 313 809 ‚
339 771 421 814 quia
440 767 544 803 Pater
557 781 624 805 non
639 768 744 805 habet
759 773 811 805 ita
831 781 894 817 per
912 770 941 806 se
964 779 1071 803 unum
1084 778 1213 804 conce-

250 826 354 862 ptum
370 821 401 852 in
417 818 592 855 intelleflu
607 846 617 861 ‚
643 817 729 854 ficut
748 820 919 856 Socrates
947 845 956 854 .
985 818 1064 855 Nec
1077 827 1214 865 propte-

249 875 311 902 rea
326 877 442 903 tamen
457 872 577 903 verior
590 869 755 905 censenda
768 868 818 905 est
833 869 1038 918 pradicatio
1061 868 1213 907 hominis

248 918 294 954 ‹le
317 918 465 953 Socrate
478 945 488 961 ‚
504 919 562 954 illa
575 930 646 966 qua
664 917 707 953 de
725 918 830 956 Patre
843 920 971 956 dicitur
986 918 1089 955 Deus
1102 930 1113 951 :
1128 925 1213 964 quia

249 970 372 1015 aliqua
401 967 605 1014 praedicatio
631 981 704 1005 non
729 967 887 1006 formalis
903 996 914 1011 ,
938 969 993 1005 vel
1008 980 1074 1003 non
1091 980 1153 1014 per
1177 970 1209 1006 se

249 1017 362 1066 potest
377 1017 442 1055 effe
458 1020 579 1055 verior
594 1018 758 1062 formali,
772 1019 805 1055 &
819 1032 882 1067 per
894 1021 924 1056 se
939 1017 983 1061 ‚si
995 1029 1122 1054 revera
1138 1031 1212 1055 ma-

244 1069 305 1118 jor
315 1068 354 1104 sit
372 1068 534 1104 identitas
548 1078 792 1105 extremorum
810 1073 844 1104 in
861 1073 945 1113 re‚in
963 1079 1112 1116 quorum
1127 1080 1212 1105 con-

247 1128 356 1168 ceptu
369 1118 416 1155 est
432 1123 545 1155 minus
559 1118 716 1155 formalis
730 1118 870 1155 inclufio
884 1147 894 1162 ,
921 1120 976 1155 vel
990 1118 1189 1156 inhaerentia
1202 1146 1213 1157 .

302 1167 363 1205 Ad
394 1168 602 1212 secundum,
623 1170 720 1216 quod
745 1169 914 1214 obiicitur
937 1181 1003 1216 pro
1026 1169 1210 1205 confirma-

249 1224 349 1257 tione
367 1245 379 1261 ‚
409 1219 556 1254 concedi
573 1218 683 1266 potest
696 1221 809 1266 logice
828 1219 1009 1266 loquendo
1024 1245 1035 1260 ‚
1050 1223 1213 1255 neutrius

252 1268 518 1318 qiiiditatisesse
532 1281 594 1315 per
609 1268 639 1304 se
657 1268 867 1316 suppositum
885 1282 895 1304 ε
920 1270 1064 1305 realiter
1088 1278 1213 1306 autem

250 1317 424 1356 verissime
441 1319 590 1354 existere
607 1318 968 1363 suppofitumnaturae
982 1329 1053 1355 non
1072 1319 1215 1355 relatio·

250 1373 308 1406 nis
321 1396 332 1411 ,
356 1371 437 1415 quia
454 1367 577 1403 relatio
594 1367 642 1403 est
654 1368 701 1402 ibi
718 1374 919 1414 proprietas
937 1372 1216 1405 incommunica-

250 1420 353 1461 bilis,
384 1428 451 1451 non
469 1429 553 1452 vero
570 1427 698 1452 natura
712 1443 719 1451 .
745 1417 914 1453 Similiter
933 1416 1060 1452 relatio
1072 1417 1192 1453 tranfit
1205 1445 1218 1461 ‚

249 1470 307 1506 seu
332 1465 577 1504 identificatur
603 1465 751 1503 effentiae
764 1493 775 1510 ‚
801 1467 849 1503 ob
876 1466 956 1515 ejus
987 1465 1216 1511 infinitatem,

251 1530 324 1556 non
338 1519 356 1553 ὲ
368 1515 536 1552 converso
547 1541 556 1550 .

303 1567 366 1605 Ad
380 1569 525 1604 tertium
545 1564 736 1609 respondeo
747 1563 793 1599 fic
810 1575 820 1597 t
844 1563 881 1599 In
896 1568 1011 1612 prima
1029 1563 1216 1604 substantia

251 1627 378 1653 creata
396 1612 620 1664 perfec‘tionis
634 1613 682 1650 est
699 1613 764 1649 effe
777 1617 810 1649 in
841 1615 965 1650 ultima
980 1617 1114 1652 unitate
1132 1641 1144 1656 ‚
1170 1626 1217 1650 ex

252 1666 385 1715 quaest
410 1663 650 1701 indivisibilis:
675 1663 770 1711 quod
800 1664 1031 1710 consequitur
1055 1665 1218 1700 ultimam

253 1717 330 1764 ejus
349 1715 593 1751 aetuaiitatem
609 1740 621 1757 ‚
639 1718 720 1760 quia
737 1713 805 1760 ipsa
822 1724 884 1759 per
897 1713 926 1749 se
945 1711 993 1748 est
1015 1739 1024 1747 .
1057 1713 1144 1749 Duo
1163 1714 1218 1748 his

253 1764 418 1814 opposita
435 1768 650 1800 conveniunt
663 1762 859 1798 substantiae
874 1762 1050 1799 secundae:
1076 1773 1155 1798 nam
1186 1763 1221 1799 8:

255 1814 441 1852 divisibilis
454 1812 504 1848 est
519 1840 530 1855 ‚
554 1813 588 1848 8<
604 1824 669 1848 nori
685 1813 795 1849 habet
811 1813 878 1860 effe
894 1812 951 1848 nisi
966 1816 998 1847 in
1013 1815 1124 1859 prima
1144 1813 1221 1848 sub-

254 1861 596 1911 stantia.Substantie
610 1866 718 1911 prime
731 1862 997 1900 conditionibus
1011 1873 1056 1897 ex
1070 1863 1099 1897 se
1113 1864 1222 1911 pollet

255 1914 398 1952 essentia
415 1912 538 1948 divina
552 1940 564 1954 ‚
586 1912 619 1947 &
632 1924 697 1948 non
712 1926 773 1961 per
786 1914 997 1949 relationes:
1027 1911 1222 1948 formaliter

255 1968 349 2002 enim
363 1963 405 1999 de
420 1962 450 1998 se
463 1961 512 1998 est
528 1962 643 2005 haec,&
655 1974 701 1998 ex
717 1963 747 1999 se
764 1960 1020 2006 subliilit,idest,
1037 1974 1099 2008 per
1114 1963 1143 1999 se
1161 1961 1226 2005 est,

255 2014 317 2051 vel
331 2013 450 2049 saltem
465 2010 512 2048 est
530 2015 620 2047 ratio
633 2011 838 2047 omnimoda
852 2011 1048 2049 subsistendi
1079 2038 1089 2048 .
1114 2013 1227 2049 Unde¹

257 2062 478 2110 Augustinus
508 2075 539 2110 7.
553 2061 594 2097 de
608 2059 740 2098 Trinit.
759 2074 837 2107 cap.
852 2074 886 2109 4.
900 2064 1010 2100 Pater
1043 2073 1109 2097 non
1124 2074 1159 2098 eo
1177 2060 1225 2107 est

260 2126 329 2164 quo
341 2113 388 2161 est
402 2114 512 2150 pater
526 2138 538 2154 ‚
555 2111 627 2158 sed
639 2124 705 2161 quo
719 2111 766 2159 est
780 2112 881 2150 Deus
893 2139 902 2148 .
931 2112 1001 2148 Sed
1016 2115 1128 2158 prima
1146 2112 1224 2148 sub-

261 2165 388 2201 stantia
400 2171 522 2197 creata
534 2161 581 2197 est
594 2171 752 2211 preterea
771 2161 1229 2210 incommunicabilis:quia,

260 2216 437 2252 limitata.
465 2210 563 2247 Idem
582 2216 676 2249 enim
692 2223 840 2248 numero
850 2213 1047 2249 limitatum
1063 2213 1225 2258 pluribus

261 2264 519 2299 cummunicari
541 2260 608 2297 sine
633 2262 680 2296 sui
704 2261 873 2298 divisione
901 2274 972 2298 non
1017 2265 1197 2308 contingit
1214 2287 1226 2303 ,

221 2318 224 2321 ’
262 2315 402 2349 Contra
417 2323 504 2347 vero
516 2315 599 2357 quia
615 2311 750 2348 Deitas
763 2313 942 2348 illimitata
959 2310 1008 2348 est
1020 2339 1031 2354 ‚
1061 2311 1226 2358 pluribus

263 2363 389 2400 eadem
405 2373 550 2397 numero
563 2367 848 2399 communicatur
861 2389 869 2398 .
883 2361 1162 2399 Concedendum
1175 2361 1227 2399 est

262 2416 374 2461 igitur
386 2413 535 2459 primam
550 2410 777 2451 substantiam
794 2417 829 2448 in
837 2413 971 2449 divinis
988 2411 1126 2459 ‚quoad
1138 2411 1229 2448 duas

264 2465 403 2512 priores
413 2461 655 2505 conditiones,
680 2474 758 2509 quae
774 2463 847 2499 sunt
859 2471 901 2498 ut
915 2461 959 2498 de
971 2462 1000 2498 se
1014 2460 1056 2497 fit
1068 2461 1137 2497 hac
1153 2489 1164 2504 ‚
1192 2463 1227 2498 &

263 2524 328 2561 per
341 2512 370 2547 se
387 2509 543 2548 subsistat
556 2538 570 2556 2
593 2511 659 2550 effe
674 2515 827 2549 maxime
838 2511 1062 2549 substantiam
1075 2539 1086 2555 ,
1113 2523 1227 2559 eaque

262 2574 332 2599 non
346 2573 409 2610 per
426 2562 631 2599 relationem
640 2561 700 2599 sibi
717 2572 936 2610 competere,
950 2563 1005 2599 sed
1017 2568 1117 2598 unica·
1132 2563 1226 2599 Dei-

261 2622 337 2650 tate
351 2610 416 2647 effe
428 2610 471 2647 de
486 2611 517 2646 se
536 2614 622 2649 hanc
636 2640 646 2657 ‚
671 2626 713 2653 ac
728 2612 901 2654 subsistere
917 2641 927 2651 .

313 2659 690 2712 Confiiniliter(quod
717 2664 848 2711 speEtat
872 2663 917 2700 ad
945 2662 1227 2705 confirmationis

262 2713 474 2748 solutionem
489 2710 507 2758 )
524 2718 635 2759 prima
666 2714 852 2755 substantia
880 2726 949 2749 non
984 2713 1129 2750 includit
1157 2727 1225 2751 non

262 2761 486 2799 substantiam
503 2787 515 2803 .
534 2773 708 2810 quantum
745 2768 880 2800 attinet
924 2763 970 2799 ad
1000 2764 1226 2800 conditiones

263 2809 491 2860 perfeffionis
505 2818 758 2852 convenientes
772 2817 803 2850 ei
820 2841 828 2849 .
843 2813 915 2851 Sed
930 2814 997 2850 siin
1014 2825 1084 2862 qua
1097 2823 1226 2851 natura

265 2864 418 2908 reperiri
432 2871 503 2895 non
527 2862 629 2910 poffit
653 2877 717 2913 per
729 2863 953 2904 substantiam
967 2864 1026 2899 ille
1041 2863 1229 2907 conditio,

263 2924 342 2960 qux
353 2909 400 2947 est
415 2913 688 2957 imperfec'tionis
702 2917 734 2950 in
745 2912 931 2950 substantis
946 2918 1078 2949 creatis
1092 2939 1102 2954 ‚
1128 2925 1223 2950 nem·

265 2975 310 3010 pe
323 2963 704 3000 incommunicabilia:
716 2992 726 3007 ‚
744 2964 778 2999 &
792 2964 1019 3000 nihilominus
1033 2966 1228 2998 incommu-

264 3010 425 3052 nicabilis
438 3008 478 3044 fit
489 3036 500 3052 ‚
517 3016 643 3061 utique
657 3013 903 3052 adstruendum
917 3012 965 3049 est
979 3040 993 3057 ι
1005 3013 1039 3048 id
1052 3011 1112 3048 sibi
1129 3025 1228 3049 com-

266 3072 390 3109 petere
405 3060 568 3106 aliunde,
592 3063 700 3110 quim
715 3076 775 3110 per
794 3064 1017 3100 substantiam
1045 3089 1055 3098 .
1083 3062 1122 3098 In
1144 3063 1228 3100 Deo

266 3121 388 3151 nutem
405 3134 415 3152 ‚
445 3116 531 3156 quia
543 3112 733 3157 quodlibet
747 3112 792 3148 ad
804 3114 834 3148 se
856 3117 998 3161 ponitur
1022 3111 1228 3159 simpliciter

267 3160 463 3210 perfeflum
477 3187 488 3202 ‚
508 3162 540 3197 8<
554 3166 602 3198 ita
619 3165 932 3203 communicabile.
955 3163 990 3198 &
1010 3172 1127 3199 tamen
1154 3173 1229 3208 per·

268 3212 356 3248 sonae
371 3214 401 3245 in
431 3209 503 3256 ipio
519 3211 731 3249 subsistentes
745 3213 819 3248 sunt
836 3217 978 3248 omnino
1003 3215 1230 3248 incommuni-

269 3261 403 3298 cabiles
416 3285 429 3302 ‚
448 3259 520 3295 haec
536 3267 627 3298 ratio
638 3262 733 3299 reete
765 3265 907 3298 videtur
920 3261 998 3308 ipfis
1020 3263 1196 3299 attributa
1219 3289 1234 3309 ,μ

270 3311 305 3347 δι
317 3309 417 3346 ineffc
433 3322 497 3358 per
509 3312 705 3348 relationes
718 3339 729 3354 ,
756 3324 823 3348 non
835 3325 896 3358 per
908 3311 1131 3352 substantiam
1145 3339 1154 3348 .

323 3359 380 3396 Ad
394 3360 596 3406 sequentem
625 3361 947 3398 Confirmationem
959 3361 1082 3398 eadem
1110 3361 1159 3399 est
1183 3372 1234 3397 re·

271 3409 402 3459 sponsio
414 3436 426 3451 ‚
452 3422 573 3458 nempe
589 3421 751 3447 naturam
767 3413 922 3447 divinam
935 3438 946 3454 ‚
972 3420 1013 3445 ut
1037 3410 1085 3447 est
1103 3412 1149 3445 ad
1161 3412 1206 3457 se
1222 3438 1236 3454 ⁸

270 3462 469 3506 ultimaque
483 3465 616 3498 unitate
631 3459 929 3507 singulariiiimam
947 3461 1013 3496 effe
1039 3465 1234 3495 communi·

269 3511 422 3547 cubilem
439 3538 450 3551 .,
475 3510 613 3547 Verum
632 3510 679 3546 est
696 3522 781 3556 ergo
800 3511 879 3545 liuic
892 3509 1041 3546 effentiae
1058 3537 1067 3552 ‚
1083 3511 1135 3545 vel
1154 3510 1235 3546 Deo

271 3561 585 3607 convenircpeis'e
598 3561 664 3606 effe
678 3573 692 3602 ς,
709 3560 764 3595 sed·
777 3559 850 3596 fieri
869 3573 934 3596 nori
965 3559 1055 3607 posse
1070 3587 1081 3601 ‚
1107 3568 1147 3593 ut
1173 3560 1235 3599 tali,

273 3613 338 3657 este
351 3611 480 3658 aliquid
512 3622 571 3657 per
599 3609 629 3644 se
649 3611 1039 3648 incommunicabiliter
1060 3608 1211 3644 iul-»sistat
1226 3635 1237 3650 ‚

275 3672 403 3695 iniriiin
419 3672 485 3694 non
501 3659 548 3695 est
571 3688 579 3696 .
612 3659 651 3696 ld
666 3661 764 3698 enim
782 3658 862 3695 inest
876 3669 1003 3695 creatae
1031 3668 1162 3699 natura:
1191 3659 1236 3693 ob

278 3711 323 3744 sui
345 3710 592 3744 limitationem
606 3736 616 3752 ‚
635 3707 678 3744 de
694 3721 765 3755 qua
782 3708 941 3756 procedit
955 3735 965 3747 .
986 3716 1025 3743 ut
1055 3707 1093 3743 fit
1106 3711 1239 3743 incom-

279 3760 500 3799 municabilis
516 3770 555 3796 tc:
574 3759 688 3807 qued,
707 3759 746 3803 ᾤ’
761 3768 800 3799 ur
814 3771 894 3808 qno.
931 3757 1037 3800 Unde
1053 3756 1114 3797 etsi
1130 3757 1241 3810 perse

2104 153 2236 218 453

1280 223 1346 266 effe
1360 231 1542 267 competat
1561 221 1752 257 substantiae
1769 227 1902 260 ratione
1917 220 2147 271 perfeetionis
2165 227 2241 272 suae,

1279 272 1313 306 ἃ
1327 280 1478 316 negetur
1491 270 1753 313 accidentibus,
1769 273 1851 317 quia
1865 275 2049 321 impet-se
2064 286 2130 310 non
2147 275 2236 317 sunt3

1281 329 1436 357 attamen
1453 319 1536 355 illud
1547 322 1666 367 perse
1683 322 1749 366 effe
1766 320 1960 358 substantiae
1987 326 2129 370 nequire
2156 325 2237 371 alija

1281 370 1561 412 communicari,
1577 370 1618 405 de
1633 370 1707 418 ejtis
1720 371 1927 407 limitatione
1945 373 2104 421 procedit
2119 386 2128 414 ;
2153 386 2237 409 con-

1282 430 1340 456 tra
1354 421 1673 466 igiturquicunque
1689 419 1824 464 gradus
1837 420 1931 467 adse
1956 422 2145 458 substantie
2172 424 2241 458 {111⁴

1281 473 1413 505 mitatoe
1436 473 1500 505 erit
1524 469 1719 504 formaliter
1759 470 1918 515 pluribus
1960 473 2240 508 communicabi-

1280 520 1324 555 lis
1339 545 1348 555 .
1366 519 1451 553 Haec
1467 522 1578 564 igitur
1591 519 1691 554 causa
1707 517 1755 553 est
1768 520 1970 565 reponenda
1985 521 2188 564 sciscitanti,
2214 520 2239 555 si

1279 581 1341 617 per
1369 568 1575 604 relationem
1602 567 1641 603 fit
1667 577 1704 604 ut
1736 569 1883 614 personce
1906 570 2241 606 incommunicabili-

1281 629 1338 654 ter
1361 618 1561 661 subsistant,
1590 629 1700 664 quare
1728 618 1875 664 idipsum
1893 631 1958 654 non
1993 618 2241 666 praestabitiis-

1286 668 1370 706 dem
1383 669 1507 717 aliquis
1520 669 1652 714 gnidus
1666 666 1710 701 ad
1742 668 1801 704 se.)
1826 668 2008 704 Relationi
2035 672 2130 705 enim
2153 672 2240 716 quia

1286 731 1355 755 non
1368 729 1540 766 repugnat
1549 720 1800 754 determinatio
1810 718 2243 755 adincommunicabilita·

1288 780 1360 807 tem
1373 796 1385 811 .
1397 770 1477 804 ideo
1495 767 1844 805 incommunicabiles
1860 767 1999 803 Deitati
2013 768 2245 812 innascuntur,

1289 819 1344 854 sed
1359 819 1392 854 id
1412 827 1586 865 repugnat
1608 820 1801 863 cuicunque
1829 818 1981 854 realitati
2008 817 2052 854 ad
2080 819 2169 855 {bob
2194 818 2243 854 sui

1289 871 1563 906 illimitationem
1577 896 1589 912 ,
1613 866 1912 903 secundumistam
1923 870 2147 914 opinionem.

1341 918 1400 955 Ad
1415 929 1579 964 quartum
1593 916 1778 952 dicendum
1796 943 1807 961 ,
1830 916 1970 953 Patrem
1998 921 2175 963 originare
2190 915 2250 954 Fi·

1290 969 1376 1004 lium
1391 968 1484 1003 allud
1499 980 1565 1004 non
1579 967 1666 1009 effe,
1692 964 1798 1013 quam
1830 966 1938 1014 ipsum
1961 965 2093 1003 habere
2121 966 2250 1004 Filium

1291 1030 1355 1066 pro
1369 1018 1585 1054 correlativo
1597 1045 1608 1060 ‚
1631 1028 1698 1052 non
1713 1016 2032 1065 quomodocunque
2048 1029 2059 1059 ς
2087 1017 2159 1053 Sed
2171 1029 2250 1052 cor·

1286 1068 1476 1104 relativum
1491 1070 1582 1110 tale,
1604 1065 1831 1102 constitutum
1858 1066 1984 1102 scilicet
1998 1077 2058 1113 per
2085 1066 2254 1113 passivam

1284 1121 1557 1165 originationem
1573 1144 1581 1152 .
1599 1117 1696 1166 Qia
1711 1129 1795 1163 ergo
1809 1117 1881 1152 haec
1894 1117 2083 1151 correlatio
2100 1116 2147 1152 est
2163 1116 2253 1152 rela-

1291 1172 1342 1201 tio
1367 1170 1537 1212 originis,
1564 1167 1644 1202 ideo
1667 1166 1770 1203 Pater
1794 1167 1842 1203 est
1872 1168 1970 1215 prior
1990 1167 2129 1211 origine
2160 1165 2253 1203 Filio

1293 1217 1326 1252 8<
1344 1217 1440 1252 limul
1459 1228 1583 1252 natura
1598 1228 1677 1251 cum
1695 1229 1737 1252 eo
1751 1243 1760 1253 0

1341 1267 1400 1303 Ad
1414 1271 1587 1314 quintum,
1600 1278 1680 1301 cum
1691 1266 1819 1302 dicitur
1831 1278 1898 1301 non
1912 1266 2087 1310 contingit
2103 1264 2252 1301 relatio-

1288 1321 1554 1362 nemoriginari
1573 1344 1583 1359 ‚
1606 1316 1663 1350 nili
1679 1317 2033 1361 absolutooriginato
2054 1340 2062 1348 .
2092 1314 2252 1361 Respon-

1288 1367 1378 1410 ‹leo‚
1405 1366 1660 1412 fiintclligatur
1674 1368 1856 1411 orz'ginari
1882 1365 2253 1411 sicutprimustermi-

1289 1419 1630 1461 nusgenerationis,
1654 1416 1711 1453 vel
1735 1414 2002 1459 producfkionis,
2030 1413 2095 1449 esse
2122 1424 2250 1461 propo-

1289 1464 1449 1500 {itionem
1477 1463 1744 1502 concedendam
1759 1462 1801 1499 de
1819 1465 1988 1500 relatione
2003 1489 2015 1505 ,
2039 1475 2109 1498 non
2124 1462 2167 1498 de
2197 1475 2251 1498 re·

1289 1514 1404 1550 latim
1425 1540 1434 1549 .
1459 1516 1496 1550 Si
1515 1527 1599 1550 vero
1614 1515 1831 1558 intelligatur
1845 1515 2025 1559 originari
2043 1513 2084 1548 de
2098 1515 2252 1547 termino

1287 1562 1449 1604 formali,
1466 1563 1530 1600 effe
1545 1567 1679 1610 pariter
1694 1563 1728 1598 id
1746 1562 2003 1598 admittendum
2018 1588 2026 1597 .
2050 1562 2122 1598 Sed
2135 1563 2169 1597 id
2182 1574 2251 1598 non

1283 1612 1399 1649 facere
1413 1623 1536 1649 contra
1557 1612 1762 1659 politionem
1772 1622 1818 1647 ex
1835 1624 1878 1648 eo
1891 1611 2045 1647 constat:
2078 1616 2162 1659 quia
2175 1614 2254 1659 opi-

1287 1666 1347 1698 nio
1366 1663 1439 1697 haec
1452 1675 1515 1697 nec
1547 1662 1694 1699 adstruit
1706 1663 1912 1697 relationem
1931 1666 2045 1708 priino
2057 1663 2227 1707 originari
2244 1688 2255 1704 ,

1290 1713 1344 1748 sed
1357 1711 1593 1758 suppositum:
1617 1710 1680 1747 nec
1699 1716 1783 1746 item
1810 1713 2019 1747 relationem
2036 1711 2102 1747 else
2129 1717 2254 1747 termi-

1283 1773 1368 1796 num
1384 1761 1569 1797 formalem
1585 1760 1828 1808 produc'tionis
1842 1789 1853 1806 ,
1866 1760 1921 1796 sed
1937 1764 2052 1807 magis
2069 1759 2253 1798 essentiam

1290 1812 1492 1856 {impliciter
1510 1811 1704 1849 absolutam
1720 1838 1729 1850 .,

1336 1861 1393 1897 Ad
1418 1860 1552 1896 sewum
1581 1861 1768 1896 dicendum
1798 1861 1957 1895 breviter
2000 1857 2255 1908 processionem

1288 1909 1445 1958 Spiritus
1464 1910 1582 1947 Sancti
1602 1923 1669 1946 non
1685 1910 1748 1946 esse
1763 1913 2029 1956 generationem
2046 1937 2056 1952 ,
2083 1915 2165 1957 quia
2185 1909 2257 1958 pas·

1290 1959 1362 1996 srva
1378 1960 1518 2005 spiratio
1532 1962 1640 1999 libere
1656 1960 1815 2006 procedit
1834 1959 1876 1993 de
1892 1961 2098 1996 voluntate:
2128 1970 2166 1997 at
2185 1957 2260 2007 pas-

1290 2009 1363 2046 siva
1390 2009 1466 2046 Filii
1500 2011 1690 2053 prodiistio
1718 2011 1925 2045 naturaliter
1948 2014 2093 2044 omnino
2119 2011 2194 2045 exit
2208 2009 2253 2045 ab

1288 2060 1477 2098 intelleSAEu-
1496 2060 1568 2096 Etsi
1581 2073 1667 2107 ergo
1683 2059 1867 2104 productis
1880 2058 2255 2095 extremisnecessario

1289 2123 1353 2159 per
1365 2111 1557 2146 relationes
1587 2122 1695 2147 unum
1709 2110 1752 2146 ad
1780 2111 1929 2146 alterum
1947 2109 2013 2144 sit:
2039 2110 2109 2152 ips'a
2137 2118 2258 2147 tamen

1291 2171 1539 2196 extremorum
1562 2160 1751 2210 produc'lio
1776 2159 1826 2198 est
1856 2161 2026 2202 alterius,
2048 2159 2082 2195 &
2110 2159 2260 2195 alterius

1295 2211 1468 2250 rationis.

1342 2260 1401 2296 Ad
1426 2259 1790 2308 ultimumrespondeo
1820 2273 1831 2298 t
1854 2259 2053 2298 Generatio
2079 2258 2161 2294 talis
2188 2268 2260 2293 non

1294 2308 1342 2346 est
1358 2337 1368 2353 ‚
1388 2321 1453 2346 nec
1468 2313 1599 2347 dicitur
1614 2323 1658 2346 ex
1670 2310 1876 2346 individuali
1894 2310 1965 2345 sive
1977 2310 2257 2344 incommunica-

1295 2360 1355 2396 bili
1373 2362 1590 2408 proprietate
1606 2360 1766 2409 produsti
1785 2388 1795 2403 ,
1824 2360 1878 2396 sed
1905 2371 1949 2394 ex
1976 2358 2116 2394 formali
2137 2359 2260 2392 termi-

1296 2423 1365 2452 no,
1391 2414 1450 2456 qui
1482 2411 1529 2446 est
1542 2422 1669 2447 natura
1695 2409 1756 2457 ipi‘i
1778 2414 2038 2448 communicata
2070 2406 2257 2457 produt‘IO.

1297 2458 1344 2501 Et
1357 2464 1403 2495 ita
1414 2462 1446 2494 in
1458 2462 1535 2496 casu
1549 2459 1750 2503 relatio‚etii
1768 2460 1833 2496 effe
1846 2470 1953 2507 queat
1968 2468 2165 2506 proprietas
2179 2468 2260 2504 per-

1295 2511 1421 2545 sonalis
1445 2511 1649 2547 sublistentis
1679 2516 1712 2546 in
1738 2521 1864 2549 natura
1892 2510 2109 2553 substanti&-
2131 2519 2197 2542 non
2211 2517 2257 2542 ex

1295 2559 1363 2606 ipsa
1376 2569 1494 2595 tamen
1523 2564 1652 2607 accipit
1669 2561 2016 2602 denominationem,
2037 2558 2072 2595 &
2097 2557 2161 2593 effe
2178 2568 2259 2602 pro-

1297 2609 1418 2647 duffio
1433 2636 1444 2652 ‚
1456 2610 1512 2646 sed
1524 2622 1569 2645 ex
1581 2615 1733 2648 termino
1745 2610 1882 2645 sormali
1894 2613 2157 2645 communicato
2181 2606 2259 2653 sup-

1297 2658 1409 2708 posito
1430 2663 1462 2694 in
1490 2670 1617 2695 natura
1648 2660 1768 2696 divina
1794 2659 2006 2695 subsistenti:
2030 2659 2105 2706 ejus
2150 2659 2260 2702 igitur

1298 2709 1486 2757 produe‘tio
1514 2709 1561 2745 est
1574 2714 1771 2755 generatio:
1786 2714 1869 2756 quia
1883 2722 1951 2744 non
1971 2711 2182 2756 producitur
2208 2716 2260 2740 re-

1297 2761 1388 2796 latio
1404 2787 1414 2803 ,
1440 2760 1494 2795 sed
1511 2763 1625 2806 prima
1642 2759 1825 2795 substantia
1838 2764 1872 2794 in
1887 2770 2011 2795 natura
2030 2758 2149 2793 divina
2164 2782 2174 2797 ‚
2201 2765 2262 2801 pe·

1298 2810 1400 2845 xinde
1432 2822 1473 2845 ac
1489 2809 1619 2849 sisoret
1633 2811 1707 2857 ejus
1725 2813 1923 2858 proprietas
1953 2807 2143 2856 peribiialis
2172 2801 2260 2857 quid

1299 2860 1494 2897 absolutum
1515 2887 1524 2896 .

1350 2911 1408 2946 Ad
1421 2917 1667 2954 argumentum
1685 2912 1719 2945 in
1729 2908 1930 2956 oppositum
1945 2936 1953 2951 ,
1976 2907 2059 2943 cum
2070 2906 2158 2941 dicit
2174 2902 2257 2938 Boe·

1297 2961 1367 2997 tius
1385 2984 1395 3002 ,
1409 2960 1537 2996 relatio
1547 2960 1770 3007 multiplicat
1788 2961 2025 2999 Trinitatem,
2052 2954 2258 3002 respondeo,

1298 3010 1398 3045 illum
1410 3012 1568 3056 accipere
1599 3010 1808 3050 relationem
1827 3022 1891 3057 pro
1905 3011 2061 3054 origine:
2088 3006 2132 3042 ad
2151 3015 2256 3051 quem

1296 3064 1428 3108 pariter
1449 3058 1576 3095 sensum
1606 3058 1916 3105 estexponendum
1930 3085 1940 3099 ‚
1962 3059 1995 3093 &
2014 3055 2260 3102 accipiendum

1304 3111 1354 3145 To*
1377 3109 1646 3156 multiplicare:
1671 3120 1795 3155 nempe
1810 3121 1876 3143 non
1903 3120 1967 3157 pro
1990 3107 2184 3143 formaliter
2202 3103 2255 3138 di-

1297 3159 1494 3205 stinguere,
1519 3157 1572 3195 sed
1589 3156 1684 3205 quasi
1698 3159 1943 3204 principiative
1970 3184 1979 3192 .
2008 3155 2092 3203 Qua
2107 3155 2179 3193 sane
2195 3164 2256 3188 ex-

1298 3208 1468 3256 positione
1480 3220 1548 3243 non
1562 3217 1825 3254 extorquentur
1844 3208 1966 3243 verba:
1982 3218 2063 3241 nam
2076 3205 2256 3250 multipli-

1297 3271 1377 3299 care
1391 3259 1438 3294 est
1467 3258 1572 3302 multa
1585 3258 1699 3292 facere
1715 3283 1723 3292 .
1745 3258 1847 3292 Sicut
1875 3256 2036 3295 Christus
2063 3256 2142 3290 vere
2175 3253 2257 3287 inul-

1299 3310 1478 3357 tiplicavit
1492 3320 1610 3355 panes,
1625 3318 1662 3343 ut
1680 3308 1808 3353 legitur
1823 3311 1856 3341 in
1874 3306 2084 3351 Evangelio,
2104 3304 2259 3351 Jsaeno,

1300 3359 1333 3394 δι
1348 3367 1465 3393 tamen
1479 3358 1547 3404 ipse
1564 3370 1631 3393 non
1650 3368 1723 3392 erat
1737 3356 1848 3392 forma
1863 3356 1916 3392 illa
1932 3383 1941 3398 ,
1965 3367 2033 3403 qua
2050 3366 2154 3401 panes
2167 3355 2253 3388 mul-

1299 3407 1547 3455 tiplicabantur
1572 3433 1580 3442 .
1613 3407 1658 3442 Et
1671 3406 1776 3448 Deus
1801 3418 1926 3440 creans
1957 3404 2166 3451 multiplicat
2184 3408 2256 3439 ani-

1301 3469 1398 3498 mas,
1413 3466 1679 3503 necpropterea
1693 3457 1760 3503 ipse
1775 3455 1822 3491 est
1840 3456 1954 3491 forma
1968 3482 1979 3498 ‚
2003 3466 2071 3501 qua
2086 3458 2177 3487 inter
2191 3453 2256 3490 sese

1300 3512 1421 3544 animae
1434 3505 1693 3551 distinguuntur
1706 3533 1713 3540 .
1728 3505 1882 3542 Relatio,
1894 3506 2002 3551 igitur
2019 3503 2100 3539 vere
2120 3500 2258 3538 dicere-

1300 3568 1361 3594 tur
1386 3556 1605 3593 Trinitatem
1635 3557 1889 3601 multiplicare,
1915 3552 1975 3592 etsi
1999 3551 2147 3599 peribuae
2166 3553 2259 3589 rela-

1302 3606 1455 3643 tionibus
1471 3618 1535 3640 non
1550 3605 1866 3645 constituerentur.
1895 3612 2067 3652 quatenus
2098 3598 2259 3638 effestive

1302 3656 1471 3696 causans.
1498 3656 1555 3691 vel
1585 3660 1743 3701 originas
1769 3654 1955 3701 personas,
1982 3651 2174 3687 formaliter
2200 3663 2261 3688 eas

1302 3717 1371 3743 non
1394 3705 1643 3752 distingueret.
1670 3705 1802 3751 ledjam
1827 3701 2001 3743 distinftis
2031 3711 2093 3749 per
2127 3701 2262 3736 ablblu-

1305 3768 1360 3796 tas
1376 3755 1821 3804 proprietates‚rclationcs
1837 3752 2030 3789 formaliter
2043 3750 2263 3837 advenlifregt.

2294 2898 2417 2930 Solvitur
2450 2912 2495 2931 ra-

2298 2939 2338 2966 tio
2363 2942 2388 2967 in
2413 2941 2496 2970 favo-

2295 2986 2352 3005 rem
2387 2980 2495 3008 finten-

2293 3024 2329 3052 υς
2343 3018 2432 3045 ‘lantii
2442 3028 2496 3057 pro

2296 3055 2425 3084 absoluto
2440 3076 2449 3084 .

2293 3192 2402 3222 Dossoi·
2418 3195 2494 3225 ixii&

2296 3236 2340 3258 ⁸6>
2354 3234 2402 3260 sit.
2415 3234 2439 3263 §-
2455 3237 2496 3261 Ax

2295 3269 2343 3297 1·an
2357 3279 2364 3286 ·
2391 3273 2427 3300 V·
2455 3273 2498 3300 Al

2293 3309 2416 3339 Baetin&
2465 3322 2495 3339 n·

2297 3355 2345 3382 3⁸⁹
