2666 4109
66 597 88 614 l.
107 589 161 613 ‹liss-
174 589 234 618 8...
249 595 274 619 3·

61 623 85 653 §-
95 622 250 654 Adprtmum
266 635 275 643 .

59 704 107 730 Det
121 704 158 730 ok
169 710 272 730 creatu·

60 746 87 763 n
108 742 158 760 eno
182 738 270 766 primo

58 770 157 794 diversa
167 770 192 793 in
214 777 268 794 rea-

58 803 130 828 litate
143 819 150 829 .
178 808 279 827 conve-

59 837 136 860 nium
149 842 273 861 tamen-³

61 867 170 892 univoce
179 870 205 893 iu
216 872 281 894 (οι-

64 901 182 931 “fribus
195 916 205 925 .

69 2438 135 2465 vide
165 2444 197 2462 an
227 2436 283 2464 Μι.

71 2473 146 2499 firiun

70 2511 133 2532 neat
148 2502 190 2527 hic
210 2511 287 2528 men·

72 2544 128 2564 tem
157 2535 286 2569 Magistri,

73 2569 138 2594 &an
153 2567 287 2599 ipfiusex-

74 2601 166 2634 pontio
209 2601 285 2627 faciat

74 2641 165 2660 eontra
199 2635 288 2660 dillin-

74 2666 187 2693 fflonem
233 2669 284 2694 for·

77 2701 178 2728 malem
206 2703 287 2731 §cogi-

81 2733 198 2760 aarum·

145 3436 298 3466 (eundern.

61 3499 64 3503 ⁴
86 3474 209 3498 quantum
219 3477 298 3497 exor-

83 3500 238 3528 biteti‘oncii
249 3508 296 3530 do·

87 3532 161 3559 arim
179 3534 193 3560 a
204 3543 294 3562 meme

90 3567 200 3600 Magiari
229 3569 294 3594 dum

87 3600 141 3625 vult
156 3603 293 3630 modum-2

87 3631 217 3659 infinitatis
228 3636 298 3667 sequi

89 3663 119 3690 ad
137 3666 294 3696 realitarcm.

88 3704 141 3733 qua:
158 3698 192 3724 en
212 3701 297 3726 Primi

89 3730 296 3759 viiffurenziazcum

90 3760 168 3796 verius
203 3767 296 3798 ipsum,-

91 3794 115 3817 lir
135 3796 298 3824 eilenrmlitcr

92 3831 130 3850 ¹51.
143 3830 239 3854 lniiujza
253 3840 298 3860 per

100 3859 183 3894 esci-¹,-
203 3870 297 3893 qum-..⁴

93 3897 129 3915 -ετ
145 3895 277 3921 olienrr'nm
290 3913 298 3921 .

709 202 934 276 Tamus
955 204 996 270 1.
1017 203 1181 275 Pars
1198 208 1239 272 Ι.
1257 204 1526 298 Quaestio
1548 207 1646 274 IV.
1661 211 1803 280 Art.
1843 211 1943 279 lll.

312 302 377 338 effe
394 308 542 340 neuter,
568 304 608 333 ut
626 306 794 335 neutrum
805 299 1131 337 contradictorium
1146 301 1290 337 dicatur

312 353 356 388 de
371 363 439 392 eo;
465 348 585 383 falsum
612 347 686 391 est3
704 349 789 398 quia
816 359 1013 398 conceptus
1039 355 1132 386 entis
1157 350 1207 387 est
1228 361 1291 387 ens

311 399 459 485 ppfitive
476 425 487 441 ‚
511 397 607 447 quod
640 397 690 435 est
727 410 838 436 unum
879 410 1084 438 extremum
1107 400 1290 436 contradi—

351 459 443 483 tonis
459 473 470 482 .

366 496 426 534 Ad
441 498 591 534 tertium
609 525 621 542 ‚
648 500 805 536 concedo
820 528 831 542 ,
858 500 980 538 Deum
993 527 1004 544 ‚
1033 500 1067 535 8<
1083 509 1292 536 creaturam

311 546 377 583 effe
389 556 553 583 extrema
568 550 685 596 primo
699 550 842 586 diversa
857 555 890 586 in
903 551 1066 587 realitate
1078 575 1090 592 ,
1112 549 1146 585 8(
1159 549 1293 586 nihilo-

313 601 431 632 minus
449 600 604 634 univoce
630 607 819 636 convenire
843 601 878 636 in
895 605 988 638 entis
1003 627 1014 643 ‚
1042 599 1075 635 8(
1101 598 1291 648 perfeetio-

311 657 396 682 num
410 645 618 694 simpliciter
629 650 867 699 conceptibus
881 677 887 683 .
901 650 1008 686 Citra
1024 651 1140 696 igitur
1150 659 1292 686 omnem

310 699 602 733 convenientiam
618 702 652 734 in
666 711 703 735 re
715 727 725 743 ‚
749 700 806 737 vel
820 700 989 737 realitate
1001 726 1012 743 ‚
1035 700 1101 736 stat
1115 704 1291 736 univoca-

311 748 364 782 tio
389 750 419 782 in
438 748 693 796 conceptibus.
722 749 769 787 Et
795 750 995 788 declaratio
1021 750 1125 800 hujus
1139 750 1228 787 dieti
1244 747 1294 787 est

312 795 392 832 ista:
411 796 507 832 Cum
523 799 732 847 intelligitur
745 800 863 848 aliqua
879 800 1026 837 realitas
1041 799 1151 837 modo
1169 804 1293 836 intrin-

311 846 394 882 seco
411 844 550 892 affecta,
564 849 619 884 leu
632 861 714 885 cum
736 854 930 887 entitativa
949 851 1170 898 perfectione
1187 851 1264 900 ejus
1280 877 1293 894 ‚

309 899 342 931 is
359 906 560 945 conceptus
576 911 643 935 non
656 897 707 935 est
725 901 802 937 sane
819 901 913 937 adeo
923 899 1071 949 simplex
1084 929 1095 944 ‚
1110 905 1193 949 quin
1206 912 1292 938 con-

310 949 382 995 cipi
397 956 508 994 queat
524 948 583 985 illa
600 950 747 986 realitas
759 978 770 995 ‚
795 963 862 987 non
878 961 1050 999 concepta
1064 951 1145 1000 ejus
1158 955 1293 988 entita-

309 1007 387 1033 tiva
418 996 635 1044 perfectione
648 1028 659 1044 ‚
684 1012 792 1048 quam
811 1002 972 1037 modum‘
989 1001 1213 1038 intrinsecum
1227 1013 1293 1050 ap·

309 1048 493 1096 pellamus·
509 1049 578 1084 Sed
593 1050 735 1087 interest
748 1055 838 1088 inter
848 1062 1041 1100 utrumque
1053 1060 1269 1100 conceptum
1279 1062 1291 1085 ε

309 1109 392 1133 nam
405 1099 602 1134 intellettus
617 1104 805 1148 attingens
818 1103 1018 1140 realitatcm
1041 1113 1123 1138 cum
1138 1101 1197 1138 suo
1214 1114 1292 1138 mo·

310 1147 358 1183 do
368 1174 378 1190 ‚
399 1147 594 1194 perfeetum
610 1149 713 1198 ipfius
727 1161 943 1200 conceptum
954 1153 1086 1196 habet3
1102 1162 1139 1188 at
1151 1151 1294 1195 eadem,

310 1208 352 1234 ut
368 1197 388 1233 a
404 1198 462 1233 sua
480 1198 648 1236 abstrahit
668 1201 884 1248 perfectione
900 1203 1120 1252 appraehensa
1134 1228 1145 1244 ‚
1161 1205 1293 1250 imper-

308 1248 440 1285 festum
454 1261 669 1301 conceptum
689 1257 783 1300 parit
798 1266 809 1298 ς
836 1256 918 1302 quia
933 1265 1000 1290 non
1017 1256 1209 1301 exprimit,
1227 1262 1293 1287 nec

310 1303 463 1345 attingit
487 1311 560 1336 rem
585 1303 773 1342 secundum
795 1305 892 1354 quod
916 1303 1013 1341 estin
1037 1302 1184 1339 entibus
1199 1328 1210 1345 ‚
1235 1300 1294 1337 sed

311 1350 420 1389 solum
449 1350 639 1388 secundum
671 1354 807 1403 aliquid
832 1354 905 1392 sui.
924 1352 1168 1403 Exemplum:
1200 1351 1295 1388 Esta't

312 1411 417 1451 parte
435 1406 486 1438 rei
504 1402 632 1439 albedo
647 1403 883 1448 inteniiilima.
895 1402 955 1440 etsi
969 1405 1093 1440 eadem
1107 1402 1147 1438 lit
1163 1407 1296 1439 entitae

313 1454 382 1503 ipsa
394 1481 406 1497 ‚
429 1452 464 1489 8<
481 1451 614 1489 suamet
627 1454 814 1491 intrinseca
824 1453 998 1503 perfefkio
1015 1482 1027 1498 .
1049 1465 1118 1501 qua
1132 1451 1183 1490 est
1200 1452 1296 1488 adeo

312 1504 443 1544 intensa
456 1531 466 1546 ‚
492 1502 610 1550 potest
631 1514 746 1541 tamen
760 1509 897 1555 concipi
927 1504 1143 1541 abstraftive
1160 1503 1223 1539 sub
1239 1515 1296 1539 ra—

312 1560 409 1595 tione
438 1553 616 1590 albedinis
643 1556 781 1602 praecise
804 1569 815 1599 ς
841 1557 875 1592 8(
900 1553 1013 1603 potest
1036 1556 1124 1592 item
1148 1553 1295 1601 intelligi

312 1616 494 1658 quatenus
509 1613 647 1640 tantam
664 1605 771 1643 habet
790 1605 1104 1653 perfectionemmt
1118 1602 1296 1651 posterior

312 1664 515 1702 conceptus
540 1654 589 1689 est
604 1658 653 1690 rei
680 1654 860 1692 intellectae
878 1655 1087 1704 adequatus
1100 1681 1110 1696 ‚
1134 1658 1216 1701 quia
1231 1654 1298 1689 ob—

310 1707 400 1758 jeai
416 1703 552 1741 extensi
568 1704 801 1751 expreslivus;
817 1710 863 1744 ita
880 1709 977 1753 prior
991 1703 1223 1753 imperfectus
1235 1702 1296 1746 est.

315 1759 350 1796 8<
366 1756 609 1801 inadaequatus
625 1780 634 1790 .
666 1754 849 1805 Qamvis
869 1759 976 1802 igitur
993 1753 1202 1803 adaequatus
1215 1765 1301 1789 con-

313 1818 440 1856 ceptus
467 1804 509 1840 sit
536 1805 628 1841 adeo
654 1809 684 1840 ei
703 1806 844 1853 objecto
869 1809 1036 1852 proprius
1052 1831 1064 1849 ,
1093 1814 1131 1840 ut
1145 1811 1302 1850 nequeat

313 1860 419 1895 alteri
434 1855 599 1898 albedini,
616 1867 684 1891 non
700 1864 836 1891 tantam
855 1854 1111 1902 perfectionem
1128 1853 1273 1890 habenti
1288 1880 1302 1896 ‚

314 1908 524 1947 convenire;
543 1914 660 1940 tamen
685 1917 881 1954 conceptus
898 1905 952 1941 ille
965 1933 976 1948 ‚
992 1916 1065 1952 quo
1093 1906 1304 1952 concipitur

316 1957 352 1994 id
369 1954 554 2002 objectum
570 1953 628 1989 sub
652 1956 788 1992 rati0ne
816 1955 955 2003 praecisa
984 1953 1157 1991 albedinis
1173 1981 1186 1999 .
1215 1954 1303 1990 vere

317 2007 367 2044 est
392 2007 495 2041 alteri
524 2003 704 2049 albedini,
734 2005 794 2042 vel
819 2003 1114 2053 imperfecliffime
1142 2015 1306 2041 commu-

317 2063 386 2100 nis,
400 2057 433 2091 8<
446 2055 543 2090 reete
558 2054 600 2091 de
613 2064 765 2104 utraque
783 2056 945 2094 albedine
965 2054 1150 2102 praedicari
1165 2053 1279 2103 potest
1290 2078 1305 2095 ‚

318 2109 378 2146 sub
391 2118 457 2141 una
472 2133 482 2148 ‚
501 2103 697 2152 eademque
714 2107 869 2142 univoca
886 2109 1041 2151 ratione3
1061 2104 1132 2142 Etfi
1149 2105 1305 2142 duaeillae

320 2157 502 2195 albedines
520 2157 552 2190 in
571 2155 666 2191 nullo
693 2154 713 2191 a
731 2166 834 2204 parte
861 2159 911 2192 rei
932 2160 1188 2201 convenirent;
1214 2154 1305 2204 (uti

321 2209 427 2246 Deus
447 2207 480 2242 8<
505 2216 674 2241 creatura
692 2205 712 2243 ὲ
732 2217 833 2256 parte
860 2212 910 2243 rei
936 2211 970 2242 in
997 2207 1093 2242 nullo
1110 2207 1307 2243 convenire

320 2254 588 2307 poffunt3juxta
600 2254 695 2294 ditia
710 2271 741 2307 q.
756 2269 785 2304 3.
796 2259 902 2293 artic.
919 2268 950 2305 3.
962 2257 1002 2298 ἐς
1012 2270 1045 2303 4.
1058 2257 1077 2305 )
1089 2255 1307 2304 Exemplum

321 2313 355 2346 in
367 2308 532 2344 omnibus
550 2311 599 2342 rei
613 2307 830 2344 declarandae
841 2307 1041 2354 quadraret
1059 2320 1071 2350 ς
1089 2307 1144 2342 sed
1162 2310 1192 2341 in
1206 2315 1310 2340 crea·

321 2365 367 2396 tis
383 2359 472 2394 hanc
486 2356 733 2395 conditionem
746 2356 859 2394 deeffe
876 2365 1023 2407 oportet
1037 2369 1046 2390 :
1059 2356 1253 2404 prael‘ertim
1270 2358 1310 2390 in·

322 2413 376 2452 iis,
389 2419 465 2457 quae
481 2407 558 2442 sunt
574 2412 719 2452 generis
734 2407 900 2456 ejusdem3
920 2407 993 2443 fieri
1011 2418 1099 2454 ergo
1118 2404 1246 2454 potest,
1261 2414 1309 2441 uc

322 2466 521 2507 conceptus
546 2455 758 2505 adaequatus
778 2457 925 2504 objecto
942 2456 985 2492 fit
1009 2461 1039 2492 ei
1057 2460 1223 2505 proprius
1236 2481 1246 2497 ,
1271 2454 1307 2490 &

321 2510 582 2556 inadaequatus‚
598 2518 705 2558 atque
721 2507 952 2556 imperfectus
970 2505 1012 2542 fit
1029 2510 1131 2545 alteri
1149 2517 1307 2542 commu·

321 2566 376 2597 nis
390 2588 399 2604 ,
413 2562 526 2596 etiam
545 2557 613 2600 illi,
629 2570 711 2594 cum
729 2570 802 2608 quo
817 2559 948 2595 nullam
969 2556 1080 2593 habet
1090 2562 1307 2594 convenien-

319 2617 405 2649 tiam
423 2611 440 2645 τ’(
454 2615 553 2656 parte
564 2611 625 2643 rei·
645 2609 862 2657 Requiritur
879 2610 986 2656 igitur
1007 2607 1185 2645 distinctio
1202 2608 1309 2651 illius„

318 2661 338 2700 a
353 2674 424 2710 quo
448 2659 627 2706 accipitur
652 2669 848 2706 conceptus
875 2661 1067 2708 proprlus,
1089 2660 1124 2695 8(
1148 2659 1311 2708 adaequa-

319 2722 379 2749 tua
406 2711 450 2747 ab
479 2721 526 2745 co
550 2736 561 2752 ‚
588 2706 608 2745 a
635 2722 708 2760 quo
737 2710 838 2747 sumit
863 2708 1066 2746 intellectus
1093 2720 1310 2756 conceptum

321 2759 570 2810 imperfeetum
597 2785 609 2802 ‚
638 2772 865 2798 communem
893 2788 903 2803 ,
944 2760 979 2797 8(
1006 2758 1274 2810 inadaequatum
1300 2785 1310 2795 .

323 2814 424 2850 Nam
454 2808 516 2847 iste
540 2809 750 2861 accipitura
766 2811 936 2848 realitate
965 2809 1012 2846 ab
1033 2809 1092 2846 sua
1120 2814 1312 2847 entitativa

325 2860 545 2912 perfeaione
564 2861 832 2908 praescindente5
850 2860 903 2897 ille
922 2861 1012 2897 vero
1026 2864 1072 2896 ab
1088 2860 1215 2898 eadem
1233 2873 1313 2897 rea-

323 2916 428 2951 litate
450 2923 532 2947 cum
546 2910 606 2946 suo
633 2912 742 2949 modo
761 2911 945 2948 intrinseco
960 2909 1184 2947 considerata
1198 2937 1208 2947 .
1238 2912 1314 2948 Ve-

324 2973 518 3000 runtamen
545 2961 618 2997 haec
644 2962 825 2999 distinctio
851 2974 920 2997 non
947 2960 996 2998 est
1021 2973 1091 3006 ea,
1117 2960 1311 2997 iecundum

324 3025 431 3063 quam
449 3011 680 3059 distinguitur
694 3013 839 3049 realitas
854 3010 873 3047 a
888 3011 1050 3048 realitate
1064 3040 1073 3055 ,
1092 3010 1147 3047 sed
1160 3024 1237 3061 quae
1253 3023 1311 3046 re-

324 3069 462 3111 peritur
491 3067 579 3099 inter
595 3064 796 3100 realitatem
813 3089 824 3106 ‚
856 3063 890 3097 8<
914 3060 1061 3098 modum
1086 3062 1309 3099 intrinsecum

326 3113 508 3160 ejusdem3
535 3124 610 3160 quae
628 3118 750 3161 utique
769 3113 850 3149 satis
878 3111 928 3148 est
954 3113 997 3147 ad
1008 3111 1211 3148 habendum
1231 3123 1311 3160 per-

325 3163 459 3199 fectum
472 3173 683 3210 conceptum
700 3191 712 3207 ‚
745 3162 804 3199 vel
831 3160 1078 3208 imperfectum
1093 3161 1138 3197 de
1156 3162 1285 3198 eodem
1299 3188 1310 3199 .

327 3213 399 3249 Sed
414 3221 610 3260 conceptus
627 3217 769 3259 generis
781 3240 792 3256 ,
824 3213 858 3248 &
875 3209 1079 3248 differentiae
1092 3216 1244 3260 exigunt
1259 3213 1310 3248 di-

327 3261 547 3300 stinftionem
574 3265 776 3298 realitatum
794 3289 804 3304 ‚
837 3263 870 3298 &
901 3274 969 3297 non
986 3271 1125 3299 tanturn
1154 3261 1309 3312 ejusdem

326 3313 506 3349 realitatis
533 3311 687 3358 perfecte
704 3340 714 3356 ,
743 3313 801 3349 vel
818 3311 1020 3361 imperfecte
1047 3323 1250 3359 conceptae‚
1276 3313 1311 3348 8(

326 3361 557 3399 consideratae
573 3388 583 3404 .
605 3372 645 3398 ut
662 3363 800 3398 tatium
814 3374 953 3412 quoque
967 3361 1035 3397 fuit
1051 3389 1062 3404 ,
1089 3361 1207 3410 quaest.
1226 3374 1312 3409 prae-

328 3413 468 3449 cedenti
486 3441 497 3455 ,
527 3413 631 3447 artic.
652 3423 681 3458 ς.
695 3412 727 3460 ᾧ.
742 3412 810 3448 Ad
841 3415 1028 3449 Tertium.
1059 3411 1311 3461 Qantumvis

329 3466 420 3500 enim
440 3459 639 3498 intelleftus
658 3461 811 3508 perfecte
829 3466 1007 3509 concipiat
1020 3462 1219 3497 realitatem
1250 3477 1311 3509 ge-

330 3515 428 3550 neris
445 3510 595 3558 alicujus
612 3539 623 3555 ‚
651 3520 689 3546 ut
707 3514 864 3555 colori„
890 3524 956 3547 non
971 3522 1090 3547 tamen
1115 3522 1312 3559 propterea

328 3563 471 3600 habebit
484 3571 701 3610 conceptum
713 3563 890 3599 realitatis
903 3588 914 3604 ,
944 3560 963 3596 a
982 3573 1051 3608 qua
1066 3563 1240 3609 accipitur
1253 3562 1314 3597 dif-

329 3613 478 3651 ferentia
498 3627 508 3656 ;
526 3624 589 3648 nec
603 3614 621 3649 ὲ
639 3611 813 3648 converso
830 3624 839 3646 ε
866 3612 941 3647 sunt
960 3623 1048 3658 ergo
1064 3623 1111 3646 eae
1129 3612 1312 3648 realitates

329 3661 561 3710 duoobjefta
577 3662 738 3698 formalia
756 3689 768 3705 ,
794 3665 892 3697 circa
907 3671 983 3708 quae
1000 3660 1201 3696 intellectus
1220 3665 1311 3695 acci-

330 3725 412 3761 pere
432 3712 543 3762 potest
556 3713 647 3748 duos
659 3721 859 3760 conceptus
888 3710 1120 3758 adaequatos‚
1147 3711 1180 3745 8(
1199 3710 1314 3747 distin-

330 3764 408 3800 610³
425 3788 434 3798 .
459 3766 511 3800 At
527 3763 626 3798 secus
645 3762 694 3799 est
705 3761 749 3798 de
765 3763 928 3799 realitate
943 3761 976 3795 8<
989 3761 1048 3797 suo
1063 3759 1172 3795 modo
1190 3773 1200 3803 3
1229 3764 1313 3809 quia

329 3818 451 3860 nequit
488 3812 690 3849 intellectus
721 3813 852 3849 habere
890 3821 1104 3858 conceptum
1136 3810 1313 3848 realitau·

330 3862 556 3912 adaequatum
588 3889 600 3905 ,
629 3873 700 3900 non
730 3859 957 3900 cointellefto
988 3859 1098 3899 modo
1125 3859 1313 3899 intrinseco

437 3913 567 3950 Tamus
587 3915 619 3950 I.

1372 300 1502 347 ipsius:
1529 304 1602 337 imo
1613 307 1680 338 erit
1696 302 1922 350 imperfectus
1935 330 1946 346 ‚
1968 302 2001 337 8(
2015 301 2257 349 ῖηιάπφιειιυε
2270 329 2281 344 ,
2307 314 2349 337 υ(

1370 349 1504 387 dit‘tum
1518 350 1590 386 est:
1613 352 1831 388 manifestum
1848 351 1896 388 est
1924 364 2036 398 ergo,
2062 352 2207 389 modum
2227 353 2351 387 intrin-

1369 402 1485 437 secum
1518 412 1586 436 nou
1617 403 1810 448 praeseferre
1847 402 2047 438 distinctam
2076 403 2276 438 realitatem
2303 400 2348 436 ab

1369 464 1415 487 eo
1428 478 1439 494 ‚
1461 450 1562 498 cujus
1579 450 1629 486 est
1644 451 1771 486 modus
1784 478 1794 492 .
1807 452 1860 488 secl
1879 456 1912 487 in
1929 453 2080 488 eandem
2094 451 2234 499 prorsus
2251 455 2349 485 coln-

1368 500 1490 537 cidere
1505 501 1708 536 realitatem
1727 525 1737 541 ,
1765 500 1798 535 8(
1811 500 1994 548 objeaum
2006 529 2018 545 ‚
2035 512 2157 538 natum
2172 501 2286 536 facere
2304 501 2347 537 de

1369 551 1401 586 se
1419 562 1529 586 unum
1547 550 1685 586 tantum
1705 553 1913 598 conceptum
1932 551 2150 600 adaequatum
2163 576 2172 592 ‚

1419 598 1739 650 Qmadmodum
1771 604 1885 646 igitur
1923 611 2119 647 conceptus
2146 601 2350 649 adaequatus

1371 655 1462 686 entis
1476 648 1623 692 infiniti3
1655 648 1738 684 nulli
1755 653 1828 685 enti
1847 648 1946 684 finito
1974 655 2162 696 congruit3
2188 663 2250 685 nec
2266 663 2348 686 cum

1370 703 1525 736 veritate
1542 697 1656 747 potest
1671 697 1717 735 de
1735 711 1777 734 eo
1793 700 1988 747 praedicari:
2008 704 2056 735 ita
2077 700 2111 734 id
2123 728 2133 742 ‚
2149 698 2248 746 aquo
2262 701 2347 736 adx-

1367 747 1474 797 quate
1489 751 1519 785 is
1531 758 1726 797 conceptus
1745 753 1941 796 accipitur,
1964 750 2047 785 nihil
2066 750 2169 784 babet
2187 761 2347 785 commu-

1370 812 1413 836 ne
1430 801 1448 836 2'1
1462 808 1563 848 parte
1577 803 1625 834 rei
1641 810 1722 834 cum
1737 810 1815 834 ente
1831 799 1943 842 finit03
1957 809 2101 845 oportet
2115 812 2201 846 ergo
2216 799 2350 841 Deum,

1370 850 1405 886 8(
1417 860 1622 890 creaturam
1636 853 1669 884 in
1689 849 1916 885 realitatibus
1928 875 1938 892 ‚
1953 849 2058 891 idest,
2082 847 2267 884 secundum
2284 862 2324 885 ea
2338 876 2349 892 ,

1370 899 1393 937 ’.ἱ
1422 900 1551 949 quibus
1570 901 1799 946 accipiuntur
1823 909 2017 946 conceptus
2043 899 2218 947 adaequati
2238 926 2248 942 ‚
2283 899 2350 936 effe

1369 955 1513 987 omnino
1528 952 1647 999 primo
1665 949 1802 985 diveria
1820 976 1830 992 ‚
1853 949 1885 984 8<
1908 952 1938 984 in
1956 949 2052 985 nullo
2068 950 2208 997 prorsus
2222 961 2353 985 conve-

1372 1004 1446 1037 nire
1461 1028 1471 1036 .
1500 1000 1548 1037 Et
1566 1000 1790 1035 nihilominus
1806 1000 1887 1035 cum
1910 999 2112 1036 intelleftus
2134 1009 2278 1036 creatus
2291 1000 2354 1035 ab·

1373 1049 1540 1086 strat'stive
1567 1051 1756 1095 intelligit,
1781 1060 1929 1098 propter
1953 1049 2257 1096 imperfectionem
2273 1049 2356 1085 talis

1375 1100 1481 1137 aftus
1509 1099 1623 1147 potest
1654 1100 1782 1137 habere
1803 1112 1867 1146 pro
1882 1099 2025 1149 objecto
2052 1101 2191 1136 formali
2211 1100 2356 1136 realita-

1376 1161 1451 1189 tem
1469 1154 1589 1193 entis,
1620 1162 1688 1185 non
1714 1149 1896 1187 intellecta
1922 1150 2097 1186 infinitate
2126 1150 2357 1197 perfectionis

1377 1205 1469 1239 entis
1483 1227 1495 1244 ,
1514 1201 1609 1247 quod
1632 1200 1681 1241 est
1705 1212 1769 1236 ens
1783 1212 1845 1248 per
1870 1200 2052 1237 essentiam
2070 1215 2080 1244 ς
2106 1201 2139 1236 8(
2156 1209 2360 1248 ςο(,σερῑιιι

1379 1252 1454 1301 ejus
1470 1250 1605 1297 objeffl
1622 1252 1838 1298 inadaequate
1857 1250 2025 1288 intellefti
2049 1254 2212 1294 univoce,
2224 1252 2257 1285 8<
2276 1252 2360 1286 vere

1381 1301 1567 1351 praedicari
1581 1301 1625 1337 de
1642 1303 1811 1336 omnibus
1825 1302 1962 1337 entibus
1978 1329 1988 1345 ,
2018 1311 2055 1337 ut
2081 1300 2363 1349 exemplificavi-

1381 1363 1463 1388 mus
1488 1349 1535 1387 de
1566 1352 1740 1388 albedinis
1764 1349 2016 1398 perseftiffimae
2045 1363 2216 1398 conceptu
2239 1351 2365 1388 lnadae·

1380 1411 1493 1453 quato
1509 1427 1520 1444 ‚
1545 1400 1704 1449 xespeftu
1729 1400 1908 1438 albedinis
1923 1401 2227 1449 imperfectissima:
2243 1427 2251 1436 .
2283 1399 2360 1450 Qi

1381 1455 1457 1489 sane
1469 1455 1560 1489 entis
1576 1462 1774 1498 conceptus
1790 1457 1820 1488 in
1837 1452 1866 1487 se
1880 1480 1891 1495 ,
1913 1464 1977 1487 nec
1991 1450 2136 1498 politive
2151 1451 2287 1495 finitus,
2296 1463 2360 1489 nec

1383 1504 1542 1540 infinitus
1556 1501 1629 1538 est:
1659 1502 1713 1537 sed
1746 1501 1957 1551 potestative
1982 1508 2150 1549 uterque,
2180 1515 2242 1538 nec
2258 1512 2362 1538 acce·

1384 1564 1467 1603 ptus
1485 1553 1529 1588 ab
1546 1553 1661 1601 aliqua
1674 1553 1836 1588 realitate
1853 1580 1864 1596 ,
1890 1563 2057 1600 tanquam
2073 1552 2275 1601 adaequatus
2289 1551 2336 1586 illi
2350 1579 2363 1594 ,

1385 1605 1441 1642 sed
1459 1604 1678 1644 diminutus,
1703 1603 1735 1637 8(
1754 1603 2019 1650 inadaequatus‚
2048 1602 2081 1637 8<
2106 1601 2362 1650 imperfectum

1383 1659 1468 1705 quia
1479 1653 1683 1689 abstrahens
1695 1653 1739 1689 ab
1752 1656 1795 1688 iis
1810 1654 1922 1688 modis
1936 1681 1944 1695 ‚
1971 1664 2034 1701 per
2051 1665 2140 1699 quos
2168 1663 2362 1700 conceptus

1384 1705 1595 1743 realitatum
1613 1703 1686 1739 sunt
1699 1703 1870 1750 adaequati
1884 1732 1895 1748 ‚
1916 1705 1949 1738 8<
1965 1701 2109 1750 perfeffl
2124 1724 2133 1730 -
2157 1704 2282 1740 Stante
2296 1706 2363 1749 igi-

1387 1766 1447 1792 tur
1459 1754 1666 1789 omnimoda
1680 1752 1888 1790 diversitate
1908 1753 2037 1797 Dei,&
2054 1763 2226 1790 creaturae
2240 1756 2272 1790 in
2286 1763 2364 1789 rea·

1384 1808 1483 1842 litate
1496 1803 1515 1840 a
1531 1812 1632 1851 parte
1645 1805 1693 1840 rei
1709 1831 1719 1847 ‚
1746 1805 1966 1839 conveniunt
1996 1804 2148 1839 univoce
2175 1807 2207 1840 in
2234 1814 2364 1839 conce-

1386 1855 1506 1905 ptibus
1521 1854 1772 1902 inardet-quatis,
1796 1854 1828 1888 8(
1854 1852 2092 1900 ἱιπρςτῖεὲὶῐε,
2115 1854 2204 1890 citra
2219 1864 2363 1889 omnem

1386 1903 1692 1953 imperfectionem
1707 1917 1717 1947 ς
1745 1906 1826 1953 quia
1841 1904 1934 1942 nulla
1948 1908 2090 1942 omnino
2105 1904 2236 1943 exinde
2252 1905 2364 1953 sequi·

1387 1966 1447 1994 tur
1457 1967 1503 1992 ex
1520 1965 1621 2002 parte
1637 1955 1732 1992 Dei.

1438 2006 1497 2042 Ad
1513 2005 1697 2054 Qarturn
1710 2003 1792 2041 dico
1807 2005 1873 2041 fic:
1896 2005 2100 2043 Attributio
2128 2005 2196 2041 {ola
2214 2017 2282 2041 non
2305 2016 2368 2052 po-

1387 2060 1440 2093 nit
1466 2060 1643 2093 unitatem
1670 2058 1956 2099 univocationis3
1984 2057 2068 2104 quia
2088 2054 2145 2090 illa
2161 2059 2281 2092 unitas
2307 2057 2370 2091 mi-

1389 2117 1458 2144 nor
1472 2105 1521 2142 est
1534 2109 1674 2142 unitate
1689 2107 1951 2143 univocationis
1967 2134 1978 2148 ‚
1998 2107 2030 2141 8<
2045 2107 2159 2141 minor
2172 2110 2288 2143 unitas
2301 2115 2368 2140 non

1393 2157 1493 2193 infert
1511 2155 1679 2204 majorem
1697 2169 1708 2199 3
1730 2164 1847 2192 tamen
1874 2159 1986 2192 minor
2010 2160 2129 2193 unitas
2151 2155 2237 2193 bene
2253 2153 2368 2204 potest

1392 2206 1480 2244 stare
1494 2217 1575 2242 cum
1591 2210 1726 2242 unitate
1745 2206 1887 2253 majori3
1905 2205 1993 2243 ficut
2005 2218 2081 2255 quae
2096 2207 2171 2242 sunt
2187 2218 2296 2242 unum
2312 2218 2370 2252 ge·

1394 2269 1476 2293 nere
1489 2283 1499 2298 ‚
1526 2256 1604 2292 sunt
1622 2267 1731 2291 unum
1757 2257 1868 2308 specie
1882 2284 1892 2298 ,
1919 2257 2001 2293 licet
2019 2258 2143 2293 unitas
2171 2259 2314 2304 generis
2330 2253 2370 2290 lit

1394 2309 1510 2343 minor
1536 2308 1671 2342 unitate
1695 2306 1846 2353 speciei.
1872 2306 1929 2343 Ita
1955 2312 1990 2342 in
2018 2305 2195 2356 proposito
2218 2316 2370 2353 utraque

1391 2358 1466 2393 haec
1481 2361 1597 2393 unitas
1609 2356 1723 2406 potest
1737 2355 1827 2393 stare
1845 2355 1945 2394 fimul
1961 2385 1972 2401 ,
2001 2358 2073 2394 esto
2087 2370 2154 2393 una
2169 2369 2236 2393 non
2250 2357 2289 2392 sit
2302 2356 2372 2391 alia

1392 2406 1612 2444 formaliter.
1635 2404 1871 2457 Exemplum:
1896 2409 2045 2457 Species
2058 2408 2214 2455 ejusdem
2229 2408 2371 2455 generis

1390 2458 1545 2496 involvit
1567 2456 1780 2495 effentialem
1800 2458 1961 2495 ordinem
1975 2486 1985 2501 ‚
2010 2458 2081 2495 five
2106 2459 2375 2494 attributionem

1389 2508 1436 2549 ad
1453 2509 1609 2558 primum
1626 2509 1719 2545 illius
1735 2511 1904 2557 generis,
1928 2521 1976 2545 ex
1994 2523 2046 2547 ιο.
2062 2508 2266 2556 Metaphjgsl
2285 2509 2375 2544 Tex.

1387 2574 1415 2598 c.
1431 2571 1462 2596 a.
1484 2559 1647 2604 &indm
1673 2560 1706 2594 8(
1724 2569 1842 2596 tamen
1869 2571 1952 2595 cum
1969 2561 2034 2595 hac
2051 2559 2286 2596 attributione
2312 2558 2379 2594 stat

1388 2612 1500 2660 ipsum
1511 2622 1623 2658 genus
1638 2613 1789 2645 univoce
1807 2609 1936 2646 dicide
1959 2612 2125 2647 omnibus
2151 2611 2218 2645 suis
2243 2610 2379 2656 specie·

1387 2663 1478 2699 bus:
1505 2661 1598 2696 ita&
1620 2665 1652 2695 in
1675 2660 1754 2696 casu
1773 2673 1783 2703 ;
1809 2664 1978 2708 quamvis
2007 2665 2101 2697 entia
2115 2664 2237 2695 omnia
2258 2659 2378 2694 dicant

1386 2711 1663 2750 attributionem
1687 2711 1730 2746 ad
1751 2712 1931 2757 primum3
1953 2722 2070 2747 tamen
2106 2709 2177 2757 ipsa
2201 2711 2297 2745 ratio
2312 2737 2322 2753 ‚
2345 2709 2379 2745 &

1386 2771 1584 2809 conceptus
1602 2764 1696 2798 entis
1710 2761 1757 2798 est
1786 2765 1821 2797 in
1834 2763 2002 2797 omnibus
2021 2760 2178 2810 ejusdem
2201 2762 2376 2804 rationis;

1385 2816 1473 2863 quia
1490 2824 1668 2860 nunquam
1688 2814 1805 2860 aliqua
1828 2823 2087 2860 comparantur
2111 2822 2150 2847 ut
2177 2811 2376 2847 mensurata

1387 2864 1433 2901 ad
1448 2864 1646 2901 mensuram
1660 2890 1670 2906 ‚
1700 2865 1759 2901 vel
1775 2862 1916 2900 excessa
1934 2863 1977 2899 ad
1996 2861 2197 2904 excedens,
2225 2861 2285 2897 nisi
2297 2873 2377 2897 con-

1390 2918 1544 2951 veniant
1559 2917 1592 2950 in
1607 2915 1725 2961 aliquo
1754 2925 1825 2949 uno
1845 2939 1854 2948 .
1895 2914 1999 2949 Sicut
2030 2917 2125 2950 enim
2150 2916 2376 2958 comparatio

1388 2963 1597 3012 {impliciter
1611 2963 1660 3001 est
1676 2969 1706 3000 in
1728 2963 1933 3011 {impliciter
1946 2967 2111 3004 univoca,
2125 2975 2156 3004 7.
2173 2961 2266 3009 Phy.
2286 2962 2376 2998 Tex.

1388 3028 1416 3052 c.
1436 3027 1492 3061 24·
1506 3014 1544 3056 ἐς
1558 3015 1654 3050 inde:
1668 3015 1717 3050 ita
1731 3018 1847 3050 omnis
1860 3014 2086 3061 comparatio
2098 3012 2146 3049 0st
2165 3014 2197 3048 in
2212 3013 2374 3059 aliquali-

1389 3076 1446 3102 ter
1463 3069 1638 3101 univoca.
1666 3063 1824 3114 Qando
1848 3064 1942 3099 enim
1968 3062 2118 3105 dicitur,
2141 3063 2225 3100 Hoc
2239 3062 2288 3112 est
2313 3062 2377 3097 illo

1385 3115 1609 3164 perfeffiiuu
1633 3114 1671 3149 Si
1688 3123 1869 3162 quaeratur
1882 3113 1967 3161 quid
1983 3112 2209 3160 perfectius?
2231 3120 2378 3161 oportet

1391 3170 1520 3212 utique
1546 3162 1716 3210 affignare
1733 3164 1864 3211 aliquid
1890 3174 2080 3199 commune
2107 3165 2251 3211 utrique
2275 3176 2283 3198 :
2322 3166 2375 3198 ita.

1390 3214 1489 3264 quod
1502 3217 1619 3249 omnia
1632 3218 1871 3261 comparativi
1899 3212 2169 3249 determinabile
2185 3240 2195 3254 .
2221 3223 2377 3248 commu.

1395 3278 1434 3301 ne
1448 3264 1496 3300 est
1510 3266 1651 3310 utrique
1665 3274 1827 3299 extremo
1847 3265 2124 3310 comparationis
2138 3288 2147 3297 .
2178 3262 2261 3298 Non
2284 3263 2378 3299 enim

1393 3317 1500 3351 hoino
1515 3313 1564 3349 est
1577 3313 1767 3361 perfeekior
1786 3313 1897 3348 homo
1913 3340 1923 3355 ,
1947 3324 2056 3361 quam
2070 3313 2204 3354 asinus,
2230 3312 2284 3347 sed
2301 3322 2379 3358 per·

1391 3365 1520 3401 festius
1538 3363 1677 3399 animal.
1692 3361 1739 3398 Et
1756 3364 1805 3399 ita
1821 3361 1842 3398 fi
1862 3363 1979 3410 aliqua
1999 3371 2251 3409 comparantur
2269 3366 2374 3397 inen—
2393 3403 2401 3407 A

1393 3419 1497 3450 titate
1511 3440 1521 3455 ,
1542 3415 1573 3448 in
1586 3424 1653 3459 qua
1669 3409 1717 3448 est
1729 3413 1918 3449 attributio
1935 3416 2041 3448 unius
2052 3412 2097 3447 ad
2115 3412 2266 3446 alterum
2282 3438 2290 3450 ,
2309 3410 2379 3446 hoe

1392 3463 1552 3512 profe-fio
1566 3461 1756 3510 perfectius
1773 3461 1820 3498 est
1836 3463 1893 3498 illo
1906 3489 1915 3505 ,
1932 3461 2028 3510 quod
2044 3462 2252 3498 attribuitur
2266 3459 2311 3496 ad
2325 3459 2354 3496 se
2365 3491 2374 3498 .

1394 3511 1496 3563 Qid
1514 3523 1600 3559 ergo
1616 3511 1832 3558 perfeclius?
1859 3512 1928 3548 Eos
1947 3516 2068 3560 utique
2083 3509 2276 3559 perfeftius
2294 3524 2305 3553 l
2323 3522 2382 3546 er-

1393 3576 1440 3611 go
1459 3570 1607 3609 oportet
1626 3565 1796 3598 unitatem
1812 3561 1878 3598 esse
1893 3563 2012 3609 aliquo
2032 3561 2136 3597 modo
2151 3572 2378 3598 communem

1394 3614 1535 3657 utrique
1552 3620 1716 3646 extremo
1734 3639 1742 3647 .
1769 3611 1839 3648 Etsi
1859 3614 1967 3658 igitur
1985 3616 2101 3647 unitas
2131 3611 2381 3648 attributionio

1393 3662 1592 3699 formaliter
1607 3673 1674 3696 non
1689 3658 1728 3696 lit
1742 3664 1865 3697 unitas
1880 3664 2149 3698 univocationis
2161 3688 2172 3704 ,
2188 3661 2245 3696 hic
2258 3670 2380 3700 tamen

1396 3712 1493 3750 recte
1512 3721 1557 3746 ex
1579 3710 1634 3746 illa
1652 3714 1777 3748 minori
1791 3713 1941 3748 infertur
1953 3711 2092 3758 major.
2107 3723 2184 3759 quae
2201 3710 2250 3747 est
2260 3716 2379 3748 unita·

1394 3764 1658 3799 univocationis
1687 3788 1697 3803 ‚
1733 3771 1925 3808 conceptus
1952 3765 2045 3798 entis
2068 3788 2080 3805 ,
2114 3762 2148 3798 8(
2168 3769 2378 3798 ceterorum

1395 3809 1715 3850 transcendentium
1729 3838 1738 3853 ,
1765 3812 1952 3847 secundum
1977 3824 2054 3861 quae
2078 3816 2173 3848 entia
2193 3824 2255 3860 per
2267 3816 2380 3860 parti-

1396 3863 1617 3912 cipationem
1631 3862 1875 3900 attribuuntur
1889 3863 1933 3944 a?
1948 3865 2105 3911 primum
2118 3874 2182 3900 ens
2195 3875 2258 3912 per
2272 3861 2380 3899 essen-

2225 3916 2334 3955 tiam,

2389 620 2455 646 vido
2473 621 2556 644 etiam
2578 624 2602 641 r·

2388 655 2444 679 dist.
2455 655 2479 678 Β.
2497 661 2522 681 q·
2534 657 2557 675 Σ.
2577 649 2602 674 ἃ

2390 683 2604 716 ᾳυιῇ.τ.Ουοό·

2388 720 2469 744 115⁴&
2490 718 2605 749 Lycheh

2389 754 2463 782 super
2476 760 2501 780 η.
2516 751 2604 783 3.(11ῆ,

2390 787 2413 811 8·
2427 786 2528 811 trimi.

2411 2350 2535 2386 Qualiter
2570 2354 2631 2378 αι’·-

2413 2392 2451 2410 ΙᾹΙ
2472 2392 2631 2410 ΠἹῦὈΕΙΗο·

2414 2419 2452 2442 nii
2472 2418 2517 2443 Ωιι
2539 2425 2631 2444 cuim,

2416 2454 2519 2475 unstaze
2552 2454 2629 2477 utri-

2416 2485 2530 2509 burienis

2414 2518 2491 2543 aium
2500 2516 2531 2542 ad
2541 2516 2633 2544 Deum

2573 2492 2634 2510 om·
