2666 4109
70 2109 255 2152 Quilibe-

42 2158 79 2178 n
101 2159 152 2178 zo.
169 2152 194 2184 §.
208 2148 255 2176 Ad

174 2195 235 2217 tm

42 2227 161 2264 Propter
174 2234 255 2268 argu:

42 2272 168 2293 mmm
208 2273 254 2292 tui

44 2302 138 2332 met
157 2321 171 2337 ‚
195 2304 256 2332 Ma·

42 2340 185 2380 'mdffp
209 2349 257 2370 ΙΙ·

45 2378 200 2418 Metapiiys.
225 2388 257 2406 n.

45 2422 90 2453 σς.
104 2427 183 2456 putat
197 2419 258 2447 Do·

47 2455 153 2486 notem
187 2466 256 2495 pro·

46 2494 136 2524 habite
166 2495 256 2524 existi-

47 2533 129 2563 ,αέα
161 2533 256 2571 positi-

47 2581 111 2602 vam
131 2572 189 2602 effe
209 2581 256 2599 ra·

48 2613 153 2640 tionem
165 2609 258 2650 perso.

48 2649 167 2679 talitatis
183 2658 260 2678 trea-

48 2696 105 2722 ιτ,
134 2687 178 2717 fed
199 2697 258 2716 non

34 2726 36 2728 ’
51 2725 219 2755 admittimus

51 2763 118 2794 banc
154 2764 263 2804 exposi-

49 2803 154 2833 tionem
168 2814 179 2839 ,-
194 2805 261 2840 quia

51 2842 257 2886 {unsubststere

50 2888 263 2910 ιιωωτωιηιτε.

53 2919 147 2949 biiiter
194 2918 262 2948 effer

51 2956 209 2988 formaliter

55 2997 226 3036 perfeetionis
249 3015 261 3031 ,

55 3035 118 3073 quia
147 3036 262 3065 ultimus

55 3074 150 3110 gradus
169 3073 261 3114 positi·

56 3113 91 3141 ve*
119 3113 263 3142 eomaelens

57 3158 178 3180 naturam
213 3151 264 3180 sm·

58 3189 200 3226 guinem..
214 3210 224 3219 .

59 3227 100 3257 De
119 3228 158 3257 bis
193 3227 263 3258 infra

55 3275 103 3302 qu·
114 3276 158 3299 ιο·
167 3275 221 3296 art·
232 3277 263 3305 4.

62 3303 229 3335 ini-cidem·
238 3327 249 3339 .

602 176 820 247 Tamus
861 181 895 246 1.
916 178 1075 245 Pars
1099 180 1133 245 l.
1148 178 1414 271 Quaestio
1430 176 1707 247 XXVIII.
1719 183 1859 249 Art.
1874 182 1942 249 ii.

274 273 480 307 5‘2,—.2itatem
505 282 686 313 creatam,
702 283 763 306 nec
778 272 849 306 sciri
867 272 974 309 potest
987 283 1061 306 tam
1080 272 1231 307 admira-

276 327 297 357 h
315 327 340 357 ῖς
362 324 543 362 ἐπι-εἴηπῇ,
558 321 616 354 nii'i
636 334 697 366 per
717 323 1150 367 i-cvelationcm‚quamvis
1165 333 1231 356 nori

279 382 312 407 iv:
332 372 526 405 iI·rnialiter
545 369 675 405 infinita
690 397 698 411 ,
717 369 1148 417 necincompreliensibilis
1163 382 1235 405 cott-

281 435 349 456 :tin
362 426 394 455 ie
413 432 472 466 per
488 422 665 467 propriam
687 420 895 455 infinitatem
909 447 920 461 ‚
936 420 988 454 sei!
1015 420 1234 454 solummodo

277 474 454 517 regati-ze,
470 481 641 517 qua-enus
660 482 726 505 non
747 469 794 507 est
808 470 996 506 formaliter
1012 496 1024 512 3
1037 469 1069 503 &
1083 469 1233 516 positive

275 522 375 556 finita
393 547 401 555 .

327 569 384 605 Ad
397 570 543 605 tertium
558 569 777 615 respondeo:
798 567 1009 615 Adaeqeatio
1024 570 1166 615 proprie
1182 579 1240 603 ac-

276 630 378 667 cepta
390 619 476 654 dicit
490 619 724 664 aequaiitatem
743 618 892 653 duorum
910 623 941 653 in
956 619 1080 654 eadem
1095 622 1234 665 quanti-

276 679 375 705 tate:
400 667 515 715 qualis
540 667 738 714 adequatio
754 672 847 704 certe
863 681 928 703 non
944 668 990 704 ess
1007 674 1039 703 in
1054 670 1237 711 casii‚cum

276 720 294 755 ὲ
316 719 486 755 relatione
505 721 538 751 iri
553 716 588 751 di
600 721 688 752 vinis
702 717 784 752 absit
801 723 916 753 omnis
931 721 1110 764 quantitas
1127 720 1236 754 virtu-

277 778 294 805 t
310 781 323 802 s
337 795 350 810 ‚
364 767 396 802 ὃς
411 765 544 815 perse&
558 772 647 802 onis.
668 768 750 803 Alio
770 767 875 803 modo
892 768 1090 816 adaequatio
1106 766 1238 802 dicitur

277 831 344 854 non
358 816 542 852 secundum
572 818 805 863 quantitatem
821 844 832 859 ‚
861 817 914 852 sed
942 818 1124 852 secundum
1153 829 1238 864 pro-

271 871 478 919 portionem
496 877 591 913 3quo
605 867 693 902 sensu
726 878 834 901 unum
863 868 990 903 dicitur
1022 868 1122 903 alteri
1151 867 1238 902 ada:-

279 928 449 966 quatum,
475 917 623 964 eoquod
653 916 782 952 summe
812 918 859 952 illi
876 923 1165 964 proportionetur
1180 918 1238 958 3&

282 974 333 1005 ita
360 965 504 1002 effeetus
529 968 724 1015 appellatur
740 969 846 1002 causae
861 966 1067 1015 adaequatus
1079 994 1090 1009 ‚
1106 971 1187 1015 quia
1206 971 1239 1003 in

280 1021 418 1054 ratione
432 1014 576 1053 effthus
591 1017 637 1052 est
655 1018 761 1051 causae
778 1017 838 1051 sua:
854 1021 1158 1064 proportionatus‚
1170 1017 1242 1053 esto

283 1080 356 1104 non·
369 1070 579 1103 interveniat
596 1066 797 1113 adaequatio
814 1070 1080 1115 quantitativa:
1099 1079 1167 1114 qua
1185 1079 1241 1103 ra-

282 1122 377 1155 tione
395 1118 608 1152 illuminatio
622 1116 753 1151 dicitur
767 1117 947 1164 adaequata
966 1118 1022 1151 soli
1053 1117 1242 1152 coruscan-

283 1171 311 1205 ti
326 1194 338 1210 ‚
351 1168 434 1214 quia
454 1167 563 1214 major
575 1166 641 1202 esse
657 1170 798 1213 nequit,
810 1167 868 1202 etsi
883 1165 1026 1202 effe5‘tus
1040 1171 1242 1214 :equivocus

283 1221 388 1265 longe
401 1216 506 1252 distet
524 1229 540 1252 a
558 1220 708 1263 propria:
724 1218 833 1252 causa:
851 1216 1072 1265 perfeftione‚
1085 1217 1241 1264 &quan-

282 1272 430 1307 titativa
453 1270 582 1302 virtute
595 1294 602 1302 .
619 1266 714 1302 Cum
732 1270 842 1314 igitur
868 1268 1031 1313 arguitur
1048 1292 1059 1309 ,
1074 1278 1241 1312 oportere

287 1318 461 1355 aetionem
479 1316 698 1363 adaequatam
716 1323 891 1353 extremis
918 1317 1060 1352 infinitis
1075 1315 1140 1352 esse
1167 1315 1243 1350 infi-

284 1373 400 1405 nitam
448 1367 583 1413 Utique
603 1370 649 1401 ita
674 1365 741 1401 esse
766 1367 1012 1408 concedimus,
1037 1370 1182 1413 quoties
1194 1364 1243 1401 est

285 1418 483 1465 adaequatio
497 1418 528 1451 in
545 1418 785 1464 quantitativa
807 1422 938 1453 virtute
954 1431 965 1460 3
983 1416 1053 1453 Sed
1071 1415 1241 1464 ejusmodi

286 1469 566 1514 adaequationem
582 1466 637 1501 liic
653 1464 762 1501 abesse
779 1493 789 1507 ,
811 1466 995 1503 ostendunt
1022 1466 1162 1514 indufte
1187 1478 1243 1502 ra·

284 1520 399 1556 tiones
411 1543 423 1551 .
439 1516 537 1551 Nam
554 1529 621 1552 non
639 1515 688 1551 est
703 1520 792 1550 inter
811 1530 852 1553 ea
865 1517 1082 1560 extrema‚&
1097 1528 1241 1562 genera·

284 1574 420 1606 tionem
436 1567 587 1602 mediam
603 1592 614 1607 ,
642 1565 698 1600 nisi
717 1566 915 1612 adaequatio
929 1566 1150 1602 exaftissimae
1165 1578 1243 1613 pro-

286 1620 490 1668 portionis,
514 1628 580 1652 non
600 1616 785 1652 secundum
801 1616 1029 1653 intensionem
1043 1645 1054 1660 ‚
1084 1629 1159 1664 quae
1172 1616 1243 1652 affi-

283 1672 336 1704 cit
345 1669 583 1714 quantitatem
601 1671 741 1702 virtutis
757 1679 768 1709 3
784 1667 837 1702 stad
858 1677 996 1703 tantum
1009 1667 1162 1704 resneetu
1179 1678 1244 1702 ex-

284 1718 451 1755 tensionis
468 1741 480 1758 ,
502 1727 677 1765 quatenus
701 1715 793 1751 idem
814 1716 1005 1761 generandi
1035 1720 1244 1764 principium

282 1781 353 1806 non
367 1765 412 1802 ad
428 1767 532 1802 aliam
544 1794 555 1809 ‚
579 1765 685 1814 quam
701 1766 744 1800 ad
770 1764 864 1802 istam
890 1767 1003 1814 potest
1017 1766 1164 1803 extendi
1179 1779 1242 1812 ge-

285 1821 502 1854 nerationem
521 1829 530 1859 3
547 1829 612 1851 non
630 1825 772 1864 oportet
791 1819 900 1862 igitur
916 1819 981 1853 bac
998 1818 1242 1864 adaequatione

283 1869 438 1915 exprimi
460 1866 635 1902 astionem
654 1865 815 1908 mediam,
829 1879 892 1902 nec
904 1870 1111 1915 aequiparari
1127 1877 1246 1902 extre-

284 1923 357 1954 mis
382 1920 413 1950 iri
429 1915 646 1963 perfestione
660 1918 901 1964 quantitative
922 1922 1064 1954 virtutis
1080 1932 1090 1960 3
1106 1929 1186 1952 cum
1201 1917 1249 1951 ibi

284 1979 353 2003 non
378 1964 419 2000 fit
436 1991 448 2007 ‚
475 1965 535 2001 nisi
565 1965 768 2014 adaequatio
796 1970 1039 2016 proportionis
1062 1967 1248 2004 secundum

282 2014 523 2054 extensionem
536 2042 545 2052 .

338 2065 396 2102 Ad
409 2076 576 2114 quartum
591 2067 776 2104 dicendum
790 2095 800 2111 ‚
815 2067 1050 2116 rro'subfstere
1065 2069 1129 2106 esse
1144 2068 1251 2115 aequi-

289 2128 432 2153 vocum.
449 2117 537 2152 Uno
555 2123 649 2154 enim
670 2118 775 2153 modo
794 2123 966 2165 accipitur
980 2131 1045 2166 pro
1064 2133 1123 2167 per
1138 2120 1167 2155 se
1184 2117 1248 2154 esse

289 2167 333 2204 ad
346 2178 450 2215 quem
465 2167 679 2204 intelleftuiii
697 2169 781 2204 dicit
797 2169 1017 2215 Augustinus
1029 2181 1059 2215 7.
1075 2169 1118 2205 de
1134 2169 1252 2204 Trint.

291 2220 519 2265 cap.4.0mnis
536 2229 591 2254 res
604 2220 697 2266 adse
699 2218 1007 2268 subfistz't,qttanto
1018 2219 1253 2266 magii-Deus?

291 2268 376 2304 Alio
391 2267 495 2302 modo
513 2268 697 2315 usurpatur
713 2281 776 2316 pro
795 2269 1171 2305 incommunicabiliter
1187 2280 1248 2315 per

281 2319 328 2366 se
343 2319 405 2365 est:
422 2344 432 2352 .
448 2317 628 2363 Siquidem
647 2320 941 2355 communicabile
959 2320 1167 2364 intelligitur
1185 2331 1251 2354 non

290 2367 385 2416 quasi
402 2366 579 2415 subsistens
594 2395 604 2410 ‚
621 2368 671 2404 sed
687 2370 824 2416 perinde
838 2381 878 2404 ac
898 2371 1067 2404 inhaerens
1080 2367 1253 2404 subsisten-

291 2423 343 2461 ti,
367 2430 409 2454 ac
435 2417 578 2452 modum
592 2419 780 2467 iniierentie
796 2420 928 2455 liabens
942 2447 949 2454 .
968 2419 1004 2453 ln
1029 2422 1135 2466 priori
1154 2430 1254 2455 acce·

291 2473 414 2516 ptione
430 2494 443 2510 ‚
456 2468 721 2504 concedendum
735 2468 971 2517 estsulfistei‘e
983 2469 1175 2504 formaliter
1190 2472 1254 2503 im-

289 2530 432 2566 portare
462 2517 744 2564 perfeftissimiim
759 2523 848 2567 este,
871 2524 1000 2567 quippe
1025 2531 1097 2566 quo
1123 2519 1190 2565 ipsa
1204 2518 1253 2553 es-

292 2573 393 2604 sentia
412 2572 635 2614 exprimatur
649 2597 657 2605 .
682 2568 844 2616 Atjuxta
875 2569 1104 2616 posteriorem
1123 2569 1256 2604 intelle-

291 2617 600 2666 ftumsubfistcre,
629 2630 665 2654 ut
681 2621 910 2668 praesupponit
925 2619 1115 2666 perfeetum
1130 2620 1193 2664 este
1206 2619 1256 2654 es-

292 2668 403 2705 sentia:
420 2696 430 2711 ‚
447 2672 494 2704 ita
511 2681 577 2704 non
596 2674 627 2704 in
637 2670 750 2705 volvit
762 2671 957 2706 formaliter
979 2668 1230 2715 perscftionem
1243 2696 1254 2712 ‚

290 2718 347 2754 sed
366 2718 460 2754 addit
480 2718 699 2757 solummodo
733 2720 1169 2756 incommunicabilitatem
1202 2719 1254 2753 su-

294 2780 357 2815 pra
372 2780 433 2816 per
448 2767 571 2816 seeffl
587 2796 595 2804 .
611 2770 699 2805 lllud
714 2783 800 2815 ergo
811 2769 857 2805 est
873 2772 968 2806 ratio
987 2768 1031 2804 sic
1047 2767 1257 2811 subsistendi,

295 2818 314 2855 a
327 2831 398 2866 quo
413 2817 481 2861 est,
504 2829 544 2854 ut
565 2820 647 2855 illud
664 2820 758 2868 quod
782 2833 842 2868 per
870 2821 900 2856 se
918 2820 965 2855 est
983 2822 1256 2855 incommunica-

295 2870 407 2905 biliter
422 2868 549 2905 existat
562 2883 572 2913 3
585 2870 617 2904 ὅ(
630 2872 711 2906 talis
727 2870 774 2907 est
793 2871 915 2907 relatio
931 2883 941 2910 ς
968 2871 1061 2904 ratio
1079 2868 1255 2902 autemes-

296 2919 386 2956 sendi
418 2921 800 2955 incommunicabiliter
811 2933 879 2956 non
899 2920 958 2961 est,
974 2923 1065 2954 ratio
1080 2917 1255 2965 perfec‘tis-

296 2969 377 3005 fime
394 2968 520 3005 essendi
537 2983 547 3011 3
571 2979 609 3005 ut
627 2970 775 3006 intendit
788 2982 1036 3017 argumentum
1049 2996 1058 3004 .

349 3019 408 3056 Ad
431 3019 591 3066 quintum
607 3020 796 3067 respondeo
812 3021 1022 3058 intellthum
1048 3016 1112 3054 esse
1126 3018 1258 3053 forma·

298 3074 379 3107 liter
396 3069 571 3104 inlinitum
587 3074 727 3116 propria
752 3069 944 3114 infinitate,
964 3082 1039 3117 quae
1063 3069 1113 3106 est
1133 3068 1258 3103 modus

298 3119 503 3157 intrinsecus
524 3118 625 3165 ejus,
654 3131 720 3155 non
742 3131 828 3155 vero
845 3124 1095 3167 paternitatem
1109 3146 1118 3160 ,
1142 3128 1180 3153 ut
1195 3130 1258 3165 pa-

299 3173 450 3207 ternitas
467 3167 536 3211 est,
557 3170 724 3216 quamvis
742 3168 781 3205 sit
808 3171 930 3206 eadem
947 3182 1000 3207 res
1018 3182 1098 3205 cum
1114 3168 1258 3205 essentia

301 3219 434 3257 infinita
453 3245 463 3259 ,
491 3230 532 3253 ac
557 3219 700 3265 proinde
726 3219 861 3256 infinita
877 3222 908 3256 8<
927 3222 996 3266 ipsa
1010 3231 1072 3266 per
1089 3219 1259 3255 identita-

300 3280 374 3307 tem
389 3295 399 3305 .
428 3269 484 3306 Ad
508 3269 612 3315 cujus
627 3269 845 3306 evidentiam
859 3268 1160 3311 considerandum,
1172 3278 1260 3316 qua-

298 3322 382 3357 liter
408 3321 558 3366 primum
570 3320 728 3354 omnium
754 3324 786 3355 in
805 3321 934 3356 divinis
953 3321 1000 3356 est
1023 3319 1165 3356 essentia
1180 3346 1191 3362 ,
1219 3327 1259 3353 ut

297 3369 497 3411 essentia‚ab
516 3368 741 3403 Damasceno
753 3372 835 3405 vere
845 3371 1007 3417 ‘Pelagus
1022 3369 1199 3416 appellata
1212 3367 1261 3402 ob

300 3417 650 3466 comprehensionem
665 3422 821 3454 omnium
846 3421 1101 3467 perfessionum
1126 3418 1262 3453 divina-

301 3481 380 3506 rum
396 3495 404 3504 .
420 3468 471 3504 Ea
488 3480 573 3514 ergo
593 3467 723 3503 infinita
739 3468 786 3504 est
806 3482 872 3504 non
888 3480 1025 3505 tantum
1042 3467 1207 3504 intensive
1228 3471 1261 3501 in

301 3521 331 3555 se
345 3546 355 3560 ,
370 3519 422 3554 sed
445 3520 553 3554 etiam
573 3519 779 3555 virtualiter
801 3524 912 3565 primo
929 3547 940 3562 ‚
967 3521 1001 3555 δε
1022 3532 1083 3568 per
1096 3519 1138 3566 fise
1152 3518 1264 3552 conti-

303 3581 388 3604 nens
417 3572 535 3603 omnia
552 3568 733 3603 intrinseca
750 3596 760 3611 ‚
773 3580 848 3615 quae
875 3573 1008 3616 pariter
1032 3570 1105 3604 sunt
1121 3567 1266 3607 infinita,

306 3630 374 3653 non
400 3618 544 3665 quidem
565 3616 626 3653 ase
639 3645 649 3660 3
674 3617 727 3653 scd
750 3623 883 3654 virtute
901 3618 1045 3654 essentiae
1062 3645 1072 3660 ,
1089 3618 1106 3653 a
1124 3629 1192 3664 qua
1210 3616 1267 3651 ha-

308 3669 388 3702 bent
404 3667 608 3703 infinitatem
624 3695 632 3703 .
651 3668 711 3716 lpsi
728 3670 845 3715 itaque
864 3668 1010 3705 css'cntiae
1037 3667 1124 3704 inest
1152 3665 1268 3702 infini-

308 3726 364 3751 tas
381 3716 578 3753 formaliter
597 3716 613 3754 ἐι
631 3720 661 3755 se
676 3746 686 3761 ‚
699 3719 731 3753 3<
748 3723 880 3767 primo.
897 3720 955 3753 Ab
975 3720 1040 3754 liac
1060 3728 1179 3753 autem
1197 3719 1269 3762 pri-

310 3769 422 3800 maria
440 3767 575 3802 infinita
593 3772 739 3804 entitate
754 3797 764 3811 ‚
786 3768 869 3804 sicut
883 3769 964 3804 licet
983 3769 1089 3815 loqui,
1105 3775 1270 3804 emanant

308 3820 423 3851 omnia
446 3816 630 3853 ordinate:
648 3823 763 3868 primo
781 3819 928 3867 quidem
959 3818 1136 3856 intrinseca
1164 3815 1269 3860 essen<

1297 273 1392 308 tialia
1409 295 1419 311 ,
1433 282 1508 318 quae
1522 283 1589 306 non
1606 270 1729 308 dicunt
1747 273 1940 319 respeetum
1957 271 2002 309 ad
2019 204 2256 316 extraffecsun·

1298 321 1345 357 do
1371 321 1560 356 notionalia
1577 334 1587 362 3
1614 325 1724 356 tertio
1744 322 1892 369 denique
1915 332 2036 358 creata
2053 327 2185 365 omnia,
2204 328 2255 358 ita

1298 370 1442 419 quidem
1464 379 1503 406 ut
1521 369 1755 418 quodcunque
1775 382 2019 408 emanatorum
2047 385 2123 408 earn
2140 374 2181 407 ab
2195 373 2251 408 illa

1298 422 1454 467 accipiat
1468 418 1716 467 perfefftionem
1730 447 1739 461 ‚
1752 420 1850 467 cujus
1865 420 1913 456 est
1928 432 2058 466 capax3
2073 421 2151 468 ejus
2164 434 2254 467 ergo

1299 473 1430 518 recepti
1446 470 1547 505 causa
1568 467 1662 516 quast
1679 468 1839 505 effestiva
1851 497 1861 511 ‚
1878 469 1912 505 ἃ
1927 475 2094 516 primaria
2111 471 2159 506 est
2174 470 2250 506 infi-

1299 524 1390 556 nitas
1407 517 1566 556 effentiae:
1582 518 1683 554 causa
1698 527 1832 561 autem,
1844 518 1915 555 sive
1928 523 2025 555 ratio
2037 518 2191 555 formalis
2205 520 2252 556 est

1302 571 1372 617 ipsa
1399 569 1529 604 entitas
1543 570 1684 615 propria
1697 567 1889 613 cujuslibet
1905 574 2102 604 emanantis
2114 597 2123 605 .
2141 569 2256 605 Essen-

1302 620 1400 656 tialia
1415 621 1520 664 igitur
1531 621 1705 665 recipiunt
1720 618 1765 653 ab
1777 617 1835 652 illa
1847 616 2052 654 infinitatem
2067 619 2253 654 formalem

1301 681 1383 705 nam
1407 669 1440 703 iri
1459 671 1597 702 ratione
1613 668 1802 715 principii,
1817 667 1849 701 &
1861 667 2076 704 fundamenti
2092 666 2258 705 sufficien-

1302 718 1424 755 tissima
1440 716 1488 753 est
1514 715 1671 753 infinitas
1699 720 1888 753 entitativa
1902 717 1934 752 &
1962 715 1981 753 a
1998 717 2026 753 se
2040 744 2051 759 ‚
2078 723 2259 765 propriam

1302 772 1495 816 unicuique
1535 766 1760 804 essentialium
1793 766 1967 803 tribuendi·
2009 766 2260 813 perfessionem

1305 820 1498 857 virtualem
1511 842 1524 858 ‚
1546 829 1622 865 quae
1639 819 1759 865 utique
1775 818 1827 852 eis
1852 827 1920 851 non
1936 827 2122 863 repugnat,
2135 822 2183 852 uti
2199 829 2262 852 nec

1305 868 1649 905 communicabilitas
1664 895 1675 911 ,
1699 875 1741 902 ut
1763 864 1933 903 vcriffime
1949 866 2098 913 proinde
2116 865 2179 902 sint
2191 867 2262 902 for-

1306 920 1445 954 maliter
1460 917 1657 955 infinita.At
1675 918 1870 952 relationes
1887 916 2088 962 personales
2103 915 2136 951 id
2155 917 2198 951 ab
2213 915 2263 951 es-

1306 969 1411 1006 sentia
1437 969 1637 1016 accipiunt,
1662 977 1702 1003 ut
1727 965 1790 1002 sint
1809 965 2005 1001 formaliter
2029 965 2073 1001 ad
2098 966 2263 1007 alterum.

1306 1031 1374 1066 que
1398 1022 1450 1053 uti
1477 1018 1552 1053 sunt
1575 1017 1785 1064 quiditative
1811 1016 2186 1058 incommunicabiles,
2215 1017 2263 1050 ita

1307 1080 1376 1104 non
1403 1068 1582 1114 accipiunt
1594 1067 1793 1104 abessentia
1818 1068 2049 1102 entitativam
2075 1065 2264 1113 perfetfftio-

1310 1129 1388 1153 nem
1406 1144 1416 1159 ‚
1433 1121 1518 1162 quia
1537 1116 1569 1151 id
1586 1117 1664 1165 ipsis
1682 1121 1828 1165 propria
1854 1120 1987 1153 entitas
2000 1128 2069 1151 non
2083 1119 2267 1163 permittit,

1309 1178 1374 1203 nec
1399 1165 1502 1201 ullam
1527 1167 1690 1214 ejusmodi
1711 1165 1968 1213 perfectionem
1981 1165 2175 1211 recipiendi
2194 1164 2267 1201 sunt.

1309 1227 1481 1264 capaces.
1498 1215 1592 1251 Nam
1606 1221 1748 1252 omnino
1765 1219 1796 1250 in
1809 1226 1938 1261 genere
1955 1217 2120 1262 principii
2138 1214 2269 1250 forma·

1309 1269 1352 1304 lis
1368 1274 1512 1313 opertet
1534 1265 1599 1302 esse
1614 1266 1741 1303 statum
1754 1291 1765 1307 ‚
1779 1274 1819 1300 ut
1833 1277 1899 1300 non
1914 1265 1985 1300 alia
2000 1263 2041 1299 fit
2056 1264 2265 1311 affignabriis

1311 1317 1411 1353 causa
1426 1320 1680 1362 percontanti,
1707 1327 1770 1350 cur
1784 1314 1949 1361 sapientia
1976 1312 2018 1349 fit
2042 1313 2189 1355 infinita,
2201 1324 2269 1349 non

1311 1371 1395 1404 item
1420 1368 1614 1413 paternitas
1630 1392 1640 1408 ‚
1658 1365 1716 1400 m'fi
1733 1368 1814 1414 quia
1828 1362 1950 1399 hocest
1967 1363 2034 1398 hoc
2052 1391 2062 1406 ,
2075 1363 2156 1399 illud
2182 1374 2271 1399 vero

1313 1417 1360 1453 est
1379 1414 1476 1451 illud:
1491 1414 1798 1462 quemadmodum
1818 1425 1928 1449 unum
1945 1416 2078 1460 accipit
2096 1413 2163 1449 esse
2175 1424 2273 1448 coni-

1313 1465 1546 1508 municabile‚
1564 1465 1660 1501 aliud
1686 1464 2016 1501 incommunicabile
2035 1474 2044 1496 τ
2069 1465 2151 1510 quia
2177 1464 2267 1498 tales

1312 1518 1387 1553 sunt
1406 1519 1558 1552 rationes
1573 1515 1848 1564 ..Repugnantia
1866 1518 1955 1549 enim
1984 1513 2189 1556 formalis&
2205 1524 2273 1548 non

1312 1570 1548 1613 repugnantia
1562 1594 1573 1609 ‚
1603 1578 1669 1603 non
1684 1567 1788 1601 aliam
1820 1563 1928 1600 habet
1946 1563 2085 1598 causam
2103 1566 2270 1610 priorem,

1315 1616 1373 1653 nisi
1406 1627 1569 1652 naturam
1590 1626 1835 1653 extremorum
1849 1641 1857 1649 .
1889 1611 2053 1650 Tandem
2066 1613 2110 1648 ab
2127 1613 2270 1649 essentia

1316 1677 1487 1703 creaturae
1498 1669 1677 1714 accipiunt
1691 1667 1881 1702 entitatem
1896 1663 2133 1710 finitam,quia
2151 1663 2213 1711 hec
2226 1662 2275 1698 so-

1315 1717 1347 1752 la
1365 1719 1416 1753 eis
1430 1726 1634 1762 competere
1666 1713 1781 1764 potest
1794 1742 1803 1750 .

1370 1766 1427 1802 Ad
1453 1765 1602 1802 formam
1618 1769 1741 1813 itaque
1757 1767 1983 1812 argumenti,
2009 1763 2210 1810 negandum
2228 1762 2276 1798 est

1319 1815 1545 1853 identitatem
1562 1815 1607 1851 ad
1635 1817 1811 1854 essentiam
1837 1815 1903 1851 esse
1933 1816 2075 1864 praecise
2099 1817 2275 1849 rationem

1314 1866 1465 1902 habendi
1484 1865 1694 1903 infinitatem
1712 1866 1931 1908 formaliter,
1947 1865 2001 1900 sed
2019 1864 2214 1899 dumtaxat
2230 1863 2278 1899 est

1321 1920 1417 1953 ratio
1432 1914 1605 1952 sufficiens
1621 1920 1664 1951 iis
1679 1916 1827 1964 ,quibus
1841 1914 1994 1951 infinitas
2005 1926 2077 1949 non
2091 1923 2278 1960 repugnat,

1317 1971 1353 2003 in
1365 1977 1519 2014 quorum
1548 1978 1732 2002 numerum
1759 1977 1826 2000 non
1848 1964 1977 2001 cadere
1993 1965 2185 2001 relationes
2199 1974 2279 2011 per·

1316 2017 1450 2053 sonales
1475 2016 1610 2054 constat
1624 2028 1668 2052 cx
1684 2015 1788 2052 dietis
1802 2040 1811 2050 .

1374 2067 1431 2103 Ad
1446 2067 1579 2103 sextum
1591 2065 1795 2113 respondeo:
1812 2068 1983 2111 quoniam
1999 2064 2116 2100 affiva
2134 2064 2280 2112 spiratio

1316 2118 1463 2154 advenit
1476 2118 1589 2160 Patri,
1613 2117 1646 2152 &
1667 2115 1842 2161 Filiojam
1854 2114 2054 2151 const1tutis
2067 2117 2107 2150 in
2119 2115 2186 2160 effe
2201 2126 2279 2160 per-

1319 2169 1427 2204 sonali
1441 2195 1452 2211 ‚
1476 2167 1549 2204 fieri
1568 2179 1634 2203 non
1654 2166 1778 2215 potest,
1793 2177 1828 2201 ut
1842 2163 1883 2200 sit
1896 2176 2018 2201 eorum
2037 2163 2280 2200 constitutiva:

1319 2218 1342 2254 fi
1362 2230 1448 2264 ergo
1470 2230 1531 2265 per
1557 2216 1761 2265 impossibile
1793 2217 1904 2262 prima
1934 2214 2078 2261 persona
2104 2215 2279 2261 Spiritum

1317 2269 1488 2305 Sani-'tum
1511 2269 1680 2315 spiraret,
1705 2278 1774 2301 non
1790 2263 1958 2312 produsta
1978 2264 2136 2307 secunda,
2153 2268 2278 2310 utique

1317 2321 1503 2365 spiratione
1518 2318 1638 2354 aetiva
1652 2316 1925 2353 constitueretur
1940 2328 1950 2357 3
1965 2315 1997 2348 &
2017 2313 2244 2350 consimiliter
2257 2311 2279 2347 si

1318 2367 1467 2406 secunda
1496 2369 1637 2418 persona
1663 2379 1731 2402 nori
1750 2366 1842 2402 foret
1857 2365 2045 2402 constituta
2076 2370 2106 2400 in
2136 2366 2200 2411 este
2231 2364 2281 2398 in-

1317 2419 1661 2455 communicabiliter
1678 2416 1881 2454 fiibfistentis
1894 2443 1905 2458 ,
1929 2415 2010 2450 talis
2025 2420 2120 2451 ratio
2135 2425 2180 2450 ex
2195 2413 2281 2449 asti·

1320 2483 1366 2506 va
1394 2471 1584 2517 spiratione
1610 2467 1669 2503 sibi
1689 2467 1833 2503 inesset.

1371 2522 1589 2568 Ciimigitur
1612 2518 1681 2553 duo
1695 2516 1757 2554 sint
1781 2514 1941 2552 distinfta
1966 2513 2280 2561 supposita‚quibus

1320 2573 1463 2610 advenit
1492 2570 1610 2607 aft'va
1626 2570 1798 2613 spiratio:
1825 2566 1891 2613 ipsa
1910 2576 1975 2612 pro
1989 2564 2125 2600 formali
2161 2565 2283 2611 nequit

1321 2624 1386 2661 esse
1400 2635 1466 2657 una
1480 2650 1489 2663 ,
1503 2620 1556 2656 sed
1580 2618 1626 2655 est
1641 2618 1774 2664 duplex
1789 2628 1852 2663 pro
1867 2617 2002 2651 ratione
2015 2613 2284 2662 suppositorum,

1322 2679 1354 2710 in
1372 2673 1504 2721 quibus
1534 2672 1729 2716 reperitur.
1761 2667 1834 2704 Sed
1852 2665 2092 2712 arguebatur,
2109 2668 2193 2712 quia
2210 2665 2284 2698 uni-

1320 2737 1402 2760 cum
1429 2722 1477 2759 est
1508 2720 1778 2756 fundamentum
1807 2717 1881 2764 ejus
1910 2716 2091 2751 relationis
2109 2741 2119 2756 ,
2150 2713 2285 2749 unicus·

1320 2787 1390 2823 que
1405 2775 1577 2808 terminus
1591 2797 1599 2805 .
1610 2766 2087 2814 Responfio‚fundamentum
2104 2774 2280 2800 remotum

1322 2825 1452 2862 aftivae
1469 2822 1666 2869 spirationis
1689 2822 1831 2854 unicum
1847 2844 1856 2859 ‚
1883 2817 1916 2852 8<
1931 2813 2142 2851 indivisibile
2162 2813 2225 2853 est3
2244 2812 2284 2846 il-

1322 2876 1380 2912 lu1l
1397 2883 1514 2909 autem
1531 2869 1581 2907 est
1597 2869 1795 2904 voluntatis
1812 2865 2022 2903 foecunditas
2038 2878 2049 2907 3
2065 2874 2101 2900 at
2115 2867 2196 2911 quia
2214 2863 2286 2896 haec

1321 2925 1413 2963 estin
1434 2921 1574 2957 duobus
1589 2918 1783 2965 suppositis,
1799 2923 1971 2954 intantum
1986 2926 2023 2951 ut
2038 2927 2120 2949 vere
2136 2912 2198 2947 sint
2213 2910 2286 2946 duo

1321 2971 1597 3021 spirantes(iinus
1612 2978 1728 3004 tamen
1743 2967 2051 3015 spirator)gemina
2067 2975 2205 3011 quoque
2219 2960 2287 2996 for-

1323 3025 1460 3062 maliter
1475 3021 1523 3058 est
1540 3021 1667 3056 relatio
1681 3019 1877 3066 spirationis
1895 3016 2021 3052 aftivae
2038 3026 2047 3055 3
2062 3026 2127 3049 non
2147 3024 2214 3047 una
2232 3023 2287 3046 er·

1323 3090 1370 3117 go
1387 3077 1420 3109 in
1433 3072 1594 3119 pluribus
1612 3067 1783 3104 distinetis
1798 3067 1950 3114 personis
1966 3079 1977 3107 3
2001 3063 2059 3099 etsi
2089 3066 2120 3098 in
2136 3063 2285 3108 utrisque

1323 3114 1363 3163 sit
1379 3124 1470 3159 idem
1483 3120 1750 3157 fundamentum
1765 3116 1926 3153 intensive
1942 3114 2114 3149 infinitum
2126 3139 2135 3148 .

1381 3173 1436 3210 Ad
1453 3173 1617 3208 ultimum
1644 3169 1802 3203 concedo
1817 3166 2054 3214 :equalitatem
2086 3166 2287 3209 importare

1325 3226 1479 3272 aliquam
1499 3219 1747 3268 perfestionem
1765 3245 1776 3260 ‚
1807 3227 1998 3263 propterea
2014 3213 2107 3261 quod
2138 3217 2168 3247 in
2188 3216 2284 3246 omni

1324 3285 1451 3311 natura
1468 3271 1730 3317 comparatione
1747 3267 1837 3302 fafta
1854 3266 1897 3301 ad
1912 3265 2043 3312 aliquid
2057 3262 2211 3310 ejusdcm
2226 3274 2283 3296 na-

1324 3335 1410 3362 turae
1424 3351 1434 3367 ‚
1461 3322 1585 3357 melior
1599 3317 1647 3354 est
1661 3319 1842 3364 oequalitas
1859 3316 1917 3351 suo
1931 3313 2110 3362 opposite,
2123 3311 2218 3359 quod
2240 3310 2288 3346 est

1328 3373 1546 3421 inaequalitas
1565 3383 1575 3410 3
1597 3372 1683 3415 quia
1705 3365 1906 3415 oppositum
1923 3366 1998 3413 ejus
2028 3364 2073 3398 de
2088 3361 2288 3398 necessitate

1327 3425 1416 3460 dicit
1437 3418 1762 3466 imperfeetionem
1787 3417 1889 3462 idque
1913 3418 2050 3451 ratione
2066 3412 2285 3447 fundamenti

1330 3470 1605 3521 imperfeflzioris
1631 3466 1789 3514 respeftu
1804 3467 1907 3507 illius,
1925 3464 2023 3510 super
2036 3474 2108 3508 quo
2122 3461 2288 3496 fundatur

1330 3524 1519 3571 aequalitas.
1536 3517 1645 3555 Unde
1659 3528 1721 3552 nec
1735 3516 1919 3561 aequalitas
1935 3513 2128 3549 formaliter
2151 3510 2197 3546 eil
2210 3510 2289 3544 sim·

1331 3575 1473 3621 pliciter
1500 3567 1721 3615 perfeflionis
1739 3579 1749 3608 3
1768 3565 1853 3600 dicit
1882 3575 1996 3599 tamen
2016 3560 2264 3609 perfeflionem
2278 3586 2289 3601 ‚

1330 3634 1409 3670 qux
1435 3626 1467 3656 in
1495 3619 1589 3653 omni
1617 3627 1739 3651 natura
1758 3615 1881 3649 melior
1895 3614 1943 3649 est
1960 3612 2016 3647 suo
2032 3610 2289 3657 opposito‚quia

1333 3674 1376 3708 de
1392 3667 1588 3707 necessitate
1611 3664 1811 3713 oppositum
1826 3664 1979 3698 involvit
1994 3659 2291 3708 imperfec‘tionem

1334 3731 1476 3770 propter
1492 3715 1758 3752 fundamentum
1773 3712 2026 3759 impmstffius,
2040 3715 2178 3747 ratione
2192 3709 2294 3756 cujus

1337 3770 1387 3808 est
1411 3766 1618 3818 perfeffliori
1634 3774 1768 3801 naturae
1784 3764 1950 3812 inaequale
1964 3790 1976 3806 ,

2107 3856 2258 3897 ARTI-

2308 1817 2331 1837 ι·
2345 1805 2392 1834 dist
2418 1813 2458 1840 rr,
2471 1816 2522 1843 qu.

2311 1847 2365 1872 la&
2379 1855 2406 1873 2·
2421 1846 2448 1872 ἃ
2461 1845 2524 1875 dist·

2309 1891 2357 1914 ισ-

2324 2827 2409 2860 1⁴15st-
2421 2835 2467 2857 η.
2478 2835 2535 2866 qa·

2329 3164 2353 3182 ¹,
2366 3151 2464 3182 dist-19
2477 3158 2538 3186 qd.

2323 3198 2336 3224 6
2360 3192 2402 3219 Ad
2417 3189 2540 3226 secunda]

2321 3228 2478 3272 principale
2528 3244 2540 3259 0

2326 3269 2432 3307 plenius
2481 3265 2540 3300 agit

2325 3305 2434 3338 Dos-‘tor
2445 3304 2478 3332 de
2490 3303 2544 3331 his.
