2650 4142
143 1383 332 1418 Omnipoten-

123 1421 219 1451 timei
233 1421 257 1447 in
272 1419 332 1448 seu·

121 1464 151 1490 {u
164 1458 332 1496 Theologo-

123 1509 187 1527 rum
210 1507 264 1525 non
279 1507 332 1533 po-

124 1537 173 1566 test
212 1535 332 1563 naturali

123 1575 228 1603 lumine
281 1574 332 1603 de·

123 1612 267 1642 monstrari
280 1627 288 1635 ·

371 296 460 329 liunc
484 295 689 330 iiitcllefium
705 319 714 333 ,
739 290 846 335 potest
873 292 1017 335 intelligi
1036 291 1161 327 excedi
1181 291 1223 324 ab
1236 300 1313 324 om-

369 348 563 390 nipotentia
583 344 625 378 sic
644 344 842 379 declarata:
861 352 948 386 ergo
968 340 1070 376 Deus
1084 339 1130 375 est
1145 344 1193 374 ita
1205 342 1317 373 omni-

369 403 496 440 potens
511 421 520 434 ‚
545 403 584 428 ut
601 395 717 428 valeat
730 394 846 424 omnia
872 390 1057 424 causabilia
1073 392 1244 434 attingere
1261 398 1320 433 per

372 445 423 484 se,
449 445 532 476 citra
557 442 789 487 cujuscunque
813 439 956 474 alterius
980 439 1076 485 cause
1095 438 1319 472 concursum.

369 491 555 537 Amplius,
579 493 706 527 Virtus
727 487 844 523 affiiva
876 488 1111 534 cujuscunque
1137 487 1244 521 causae
1272 485 1318 519 se-

369 541 480 587 cunde
506 541 712 576 eminentius
728 536 823 572 estin
847 539 957 583 prima
971 538 1069 571 causa
1086 547 1146 577 ,ac
1160 535 1198 569 sit
1217 540 1249 570 in
1268 535 1322 579 ip-

370 591 401 626 sa
420 591 517 625 causa
535 587 825 626 secundmhabens
843 596 959 621 autem
986 585 1195 621 eminentius
1210 589 1323 619 virtu-

369 652 440 675 tem
466 640 620 675 atiivam
637 638 775 674 videtur
796 634 887 681 posl'e
905 639 937 670 in
951 633 1110 670 effefium
1123 661 1134 675 ‚
1149 634 1272 680 abstine
1286 632 1323 665 il-

370 691 424 730 io,
440 689 535 734 quod
562 689 728 724 diminute
747 684 890 731 possidet
907 689 1072 719 virtutem
1100 682 1253 730 ejusdem
1274 681 1322 716 ef—

371 738 485 774 iterus
513 740 757 773 causativum.-
783 746 849 768 non
869 737 957 768 enim
984 732 1028 769 ad
1059 731 1322 778 pi·odu‹ftionem

371 787 513 824 effthus
539 792 730 835 requiritur
760 781 979 828 imperfef‘tiO
1008 785 1149 816 virtutis
1178 780 1325 815 activae:

372 838 450 871 cum
466 837 556 872 nulla
572 835 793 883 imperfec‘tio
807 832 844 867 sit
865 834 956 867 ratio
971 829 1118 876 agendi,
1134 830 1186 863 sed
1205 834 1323 874 potius

373 885 527 922 aetionis
546 885 753 933 impeditiva
767 909 776 916 .
793 880 1046 916 Confirmatur:
1059 881 1140 923 quia
1162 879 1325 914 videmus

373 936 492 970 causas
511 941 710 983 aeqtiivocas
727 938 777 968 ita
807 929 978 976 perfefftos
992 928 1135 963 effeftus
1152 927 1328 973 produce-

374 998 411 1020 re
428 1010 438 1024 ,
458 984 544 1021 sicut
568 989 760 1022 tinivocas‚
787 979 880 1024 quod
898 983 1018 1025 utique
1042 989 1108 1011 non
1138 976 1240 1018 esset,
1266 974 1324 1010 nisi

374 1036 545 1070 haberent
572 1038 742 1069 virtutem
758 1028 912 1064 acftivam
927 1026 1088 1062 eomodo
1102 1053 1111 1068 ‚
1123 1037 1193 1071 quo
1207 1024 1326 1061 sufficit

376 1084 418 1119 ad
440 1084 644 1118 causandum
657 1078 806 1127 perfecfte
820 1103 830 1117 ,
847 1088 912 1110 non
926 1084 1046 1111 autem
1069 1075 1198 1110 habent
1215 1076 1326 1109 virtu·

374 1144 444 1169 tem
463 1135 653 1168 univocam
670 1157 680 1169 ,
698 1127 752 1163 sed
772 1125 910 1160 tantum
927 1125 1115 1160 virtualem
1132 1151 1142 1167 ‚
1169 1126 1325 1159 autemi-

374 1193 514 1218 ncntnm
531 1194 642 1226 3ergo
657 1176 872 1224 siJcausarum
887 1174 1117 1211 secundarum
1142 1177 1194 1209 vis
1208 1174 1326 1208 causa-

375 1237 449 1268 tiva
469 1231 518 1267 est
535 1230 746 1266 eminentius
763 1227 792 1259 in
807 1224 903 1259 causa
918 1228 1031 1269 prima
1049 1250 1058 1265 ‚
1082 1224 1126 1257 ab
1145 1224 1210 1258 hac
1225 1232 1325 1269 pote-

375 1291 454 1316 runt
468 1282 612 1326 produci
626 1278 726 1313 iidem
741 1273 884 1310 effeetus
895 1301 905 1316 ,
922 1284 1010 1320 quos
1028 1272 1134 1309 causae
1146 1275 1327 1321 proximae,

373 1332 406 1367 8<
421 1332 578 1367 univocae
595 1328 790 1378 producunt
803 1349 811 1357 .

423 1381 657 1418 RESPONDEQ
673 1373 872 1416 dicendum,
886 1372 1005 1408 Deum
1023 1371 1088 1408 esse
1105 1374 1328 1419 omnipoten-

376 1443 446 1469 tem
459 1461 467 1474 ,
494 1433 628 1468 adeout
652 1431 828 1470 attingere
840 1450 850 1465 ,
869 1423 901 1456 8<
915 1422 1054 1456 causare
1068 1431 1172 1467 queat
1186 1422 1325 1468 quodli-

375 1485 435 1519 bet
458 1481 628 1518 causabile
646 1481 734 1512 citra
749 1484 891 1507 ornnem
910 1472 1054 1506 alterius
1082 1474 1224 1516 agentis
1241 1484 1325 1507 con-

375 1534 509 1569 cursum
528 1561 537 1575 ‚
560 1529 625 1567 esse
655 1525 735 1561 fidei
753 1523 880 1567 dogma
895 1521 961 1555 illis
980 1521 1098 1554 verbis
1114 1520 1324 1566 expressum,

376 1587 420 1622 Iit
432 1584 611 1629 princz'ffl'o
624 1576 761 1612 creavit
776 1572 874 1607 Deus
888 1570 1009 1605 coellmt
1020 1595 1029 1609 ,
1041 1569 1079 1609 ἐς·
1090 1580 1238 1612 terram,
1251 1570 1326 1605 Ge-

375 1634 439 1670 nes.
459 1645 486 1667 i.
513 1633 614 1675 juxta
644 1632 863 1660 communem
894 1617 1166 1663 Theologorum
1195 1621 1325 1654 senten-

375 1688 463 1719 tiam
478 1709 486 1717 .
507 1674 547 1716 'Id
563 1676 702 1714 minime
721 1666 1051 1720 pofl'edcmonstrari
1077 1668 1206 1704 lumine
1224 1679 1323 1703 natu—

376 1733 439 1768 rali
455 1729 652 1767 intellec-‘tus
665 1752 675 1766 ,
700 1735 741 1758 ne
767 1720 786 1756 a
805 1719 984 1767 posteriori
1006 1717 1147 1764 quidem
1162 1745 1170 1753 .
1185 1719 1241 1754 Aul
1257 1719 1323 1753 hoe

373 1781 592 1818 asserendum
609 1782 794 1812 movemur
813 1779 926 1816 prtrno
940 1772 1039 1815 ,quia
1055 1766 1250 1816 Philosophi
1278 1780 1325 1804 ex

375 1830 556 1867 effeetibus
575 1829 738 1863 notitiam
761 1830 924 1856 verorum
950 1816 1329 1868 necess'ari'oruminve-

373 1882 540 1922 stigantes
552 1907 562 1923 ‚
589 1877 632 1913 ad
655 1886 695 1910 ea
710 1899 719 1915 ,
736 1882 811 1917 quae
824 1865 1114 1902 demonstratione
1126 1871 1210 1914 quia
1224 1876 1330 1903 erant

376 1930 504 1966 scibilia
535 1936 594 1965 aut
610 1926 811 1969 attigerunt
829 1945 837 1959 ,
852 1925 915 1951 aut
928 1919 1113 1960 pervenire
1125 1926 1325 1962 potuerunt.

371 1958 566 2027 Nunqu’am
582 1985 698 2012 autem
719 1970 913 2004 docuerunt
933 1965 1051 1999 Deum
1078 1965 1144 2001 esl'e
1160 1979 1328 2014 omnipo-

366 2040 504 2066 tentem
520 2027 564 2063 ad
582 2032 735 2061 mentem
750 2016 1107 2061 Theologorum‚imo
1124 2015 1323 2063 oppositum

367 2078 445 2125 ipsis
457 2089 531 2115 erat
546 2081 592 2112 ira
618 2069 812 2121 persuasum
828 2093 837 2108 ,
850 2074 890 2100 ut
903 2069 1126 2099 contrarium
1140 2065 1328 2112 impossibi-

368 2129 400 2163 le
412 2129 769 2177 reputaverint3e1·go
787 2117 915 2152 veritas
930 2113 1000 2147 liaec
1012 2114 1095 2150 latet
1112 2115 1328 2151 intellefitum

369 2178 439 2213 solo
457 2176 603 2213 naturali
624 2173 753 2208 lumine
775 2165 946 2200 suffultum
963 2188 971 2197 .
990 2163 1128 2199 Deinde
1143 2190 1153 2206 ,
1179 2164 1200 2198 si
1220 2167 1252 2200 id
1271 2167 1324 2201 sal·

369 2236 439 2262 tem
457 2227 474 2262 :i
490 2224 675 2264 posteriori
706 2217 813 2264 posset
840 2211 1092 2255 demonstrari,
1121 2224 1243 2261 utique
1260 2227 1329 2250 me·

367 2274 465 2310 dium
481 2276 620 2311 deberet
635 2271 747 2313 accipi
772 2263 951 2301 exordiae
971 2263 1179 2305 causarum3
1207 2264 1262 2300 sed
1282 2276 1327 2299 ex

369 2337 413 2359 eo
430 2326 552 2359 ordine
566 2321 659 2358 haud
674 2315 916 2354 concluditur,
945 2312 1039 2358 quod
1057 2312 1153 2347 causa
1171 2314 1328 2359 superior

369 2373 470 2419 possit
488 2374 516 2408 se
532 2374 595 2407 sola
616 2375 647 2406 in
671 2366 835 2404 etit—tium
848 2373 973 2409 ,quem
987 2361 1149 2406 producit
1166 2374 1232 2398 una
1251 2375 1328 2397 cum

368 2424 469 2458 causa
484 2423 637 2457 inferiori
655 2445 664 2453 .
684 2418 778 2452 Nam
795 2414 837 2447 sol
853 2414 973 2457 nequit
1002 2421 1063 2455 per
1095 2412 1125 2446 se
1152 2411 1327 2448 hominem

370 2474 517 2516 gignere
529 2499 539 2514 ,
554 2481 657 2517 quem
673 2473 817 2510 generat
833 2472 911 2496 cum
938 2460 1074 2493 homine
1088 2473 1098 2502 ς
1113 2472 1200 2506 ergo
1217 2474 1260 2496 ex
1275 2474 1331 2496 or.

370 2508 452 2556 dine
472 2521 534 2556 isto
556 2533 623 2555 non
640 2516 829 2552 ostenditur
843 2513 992 2557 primum
1006 2509 1047 2543 de
1074 2510 1103 2544 s'e
1132 2510 1327 2556 producere

374 2570 469 2616 posse
500 2569 644 2605 effeetus
657 2593 667 2607 ‚
692 2565 820 2613 quibus
851 2561 912 2595 dat
940 2557 1004 2592 esse
1042 2561 1334 2596 concurrentibus

377 2623 484 2654 etiam
500 2617 608 2653 causis
619 2612 869 2652 secundis.Hoc
882 2608 989 2655 ipsum
1002 2608 1205 2644 evidentius
1217 2609 1333 2647 osten-

376 2668 472 2702 ditur
487 2674 518 2703 in
535 2669 609 2702 aliis
629 2663 820 2711 generibus
834 2658 1034 2694 causarum:
1063 2659 1099 2693 Si
1114 2662 1205 2694 enim
1224 2672 1333 2706 pona-

377 2728 436 2751 tur
460 2717 548 2752 ordo
565 2715 751 2750 essentialis
768 2714 800 2746 in
816 2711 970 2744 materiis
988 2706 1075 2754 (qui
1089 2709 1108 2742 a
1123 2709 1328 2754 quibusdam

373 2765 453 2813 jure
472 2765 663 2800 adstruitur
676 2763 692 2810 )
705 2762 838 2797 adeout
856 2757 965 2804 prima
982 2761 1131 2791 materia
1147 2764 1268 2793 animae
1281 2765 1331 2794 in-

376 2814 562 2850 tellet‘tivae
580 2816 771 2860 propinqua
786 2837 796 2852 ‚
822 2807 861 2842 sit
878 2816 1007 2852 corpus
1035 2811 1240 2851 organicum
1259 2836 1270 2852 ,
1299 2809 1333 2844 δε

376 2863 422 2898 sic
450 2865 614 2908 deinceps
632 2861 736 2908 usque
758 2859 801 2895 ad
820 2858 1004 2891 materiam
1029 2853 1233 2905 simpliciter
1260 2863 1331 2906 pri-

374 2926 495 2955 mam3
523 2910 580 2949 etsi
606 2911 676 2945 liaec
694 2911 840 2945 materia
874 2904 913 2938 sit
937 2904 1096 2949 respectu
1115 2905 1232 2941 formae
1257 2909 1334 2942 sub—

375 2963 549 2997 stantialis
578 2960 781 3006 simpliciter
798 2958 929 3003 prima,
950 2958 1068 2999 utique
1095 2966 1164 2988 non
1190 2966 1334 3002 oportet

376 3010 521 3058 perinde
537 3039 546 3053 ‚
568 3011 599 3044 8<
618 3013 803 3044 materiam
819 3003 885 3040 effe
900 3003 1144 3038 immediatam
1158 3006 1334 3051 cujuscun-

376 3073 444 3105 que
464 3061 604 3094 alterius
620 3058 736 3093 formae
751 3070 761 3098 ;
779 3058 859 3103 quia
879 3064 944 3086 non
963 3057 1085 3087 animae
1101 3055 1333 3093 intelleftivae.

377 3109 426 3145 Et
447 3109 594 3155 idipsum
616 3107 663 3143 est
687 3105 834 3142 evidens
866 3105 997 3148 pariter
1024 3106 1053 3136 in
1067 3101 1188 3138 ordine
1206 3103 1334 3141 forma-

379 3170 473 3199 rum3
492 3171 569 3193 nam
592 3169 637 3193 ex
649 3170 691 3192 eo
707 3155 800 3203 quod
816 3153 928 3198 aliqua
942 3150 979 3186 sit
995 3155 1103 3198 prima
1118 3152 1311 3190 formarum
1323 3182 1334 3197 ,

378 3220 443 3243 non
463 3217 651 3252 propterea
667 3212 734 3241 erit
757 3214 838 3250 apta
853 3203 1044 3245 cuicunque
1060 3207 1217 3237 materia:
1230 3205 1336 3240 infor-

379 3256 512 3292 mandae
526 3283 536 3297 ,
566 3256 703 3291 semotis
719 3253 845 3289 inediis
860 3251 980 3284 formis
1001 3262 1010 3291 ς
1025 3262 1110 3295 ergo
1126 3263 1188 3286 nec
1205 3255 1335 3297 pariter

379 3310 412 3339 in
435 3304 547 3340 causis
569 3304 795 3339 efficientibus
816 3308 962 3347 oportet
993 3304 1144 3344 primum
1161 3302 1226 3337 effe
1259 3303 1333 3338 effi-

375 3359 472 3390 ciens
489 3353 728 3388 immediatum
745 3356 903 3387 omnium
922 3347 1116 3385 efl'eiftuum.
1134 3351 1215 3385 Hoc
1226 3353 1332 3387 etiam

377 3403 424 3437 est
441 3402 590 3439 evidens
606 3407 636 3436 in
657 3401 892 3437 efficientibus
907 3399 1061 3444 respectu
1093 3404 1309 3445 cognitionis
1323 3430 1332 3437 .

380 3452 476 3487 Nam
494 3454 664 3498 principia
683 3460 857 3497 ponuntur
874 3450 971 3495 cause'z·
993 3447 1148 3494 respeftu
1163 3455 1334 3495 cognitio-

379 3508 434 3536 nis
448 3500 701 3536 conclusionum
718 3514 728 3542 ς
750 3498 808 3534 etsi
826 3508 938 3534 autem
957 3500 1109 3543 primum
1127 3502 1333 3546 principium

379 3551 512 3586 habeat
528 3554 714 3585 veritatem
728 3546 1030 3589 evidentissimam,
1047 3558 1087 3583 ac
1101 3553 1209 3583 etiarn
1224 3552 1334 3585 conti-

378 3610 463 3635 neat
478 3604 673 3634 eminenter
689 3625 699 3640 ,
722 3599 754 3632 ἃ
773 3597 975 3632 virtualiter
991 3601 1161 3632 veritates
1173 3602 1331 3635 omniurn

379 3648 636 3695 posteriorum:
666 3660 732 3682 non
753 3657 868 3682 tamen
895 3655 1083 3692 propterea
1109 3646 1156 3682 est
1186 3647 1332 3684 inferen-

378 3699 461 3731 dum
476 3724 484 3737 ,
510 3696 592 3731 illud
622 3697 714 3742 posse
745 3695 810 3732 effe
828 3695 964 3731 causam
985 3696 1183 3731 immediate
1199 3709 1333 3743 cogno-

377 3746 484 3780 scendi
509 3746 741 3792 quodcunque
767 3745 937 3792 posterius
956 3747 1087 3779 :immo
1109 3758 1250 3792 oportet
1267 3759 1331 3792 per

376 3795 489 3831 media
504 3796 664 3831 ordinate
677 3795 883 3842 procedere,
918 3793 962 3830 ad
977 3794 1042 3829 hoc
1059 3804 1097 3830 ut
1123 3797 1328 3844 acquiratur

967 196 1228 266 Summae
1250 195 1498 278 joannis
1530 194 1704 262 Duns
1735 194 1895 262 Stati
1912 245 1927 262 .

1389 287 1547 332 cognitio
1563 286 1790 322 conclusionis
1808 297 1949 323 remotae
1966 313 1975 321 .
2002 286 2167 334 Denique
2184 283 2217 318 id
2235 282 2343 329 ipsum

1387 336 1581 372 ostenditur
1595 340 1626 371 in
1642 338 1762 371 ordine
1777 337 1961 371 causarum
1980 337 2134 372 finalium
2151 347 2159 369 τ
2174 334 2270 369 Nam
2288 344 2347 366 ac-

1389 386 1557 432 cipiendo
1584 386 1741 422 ultimum
1757 390 1787 420 in
1803 386 1918 433 aliqua
1934 387 2192 422 coordinatione
2213 382 2346 424 finium,

1388 448 1455 470 non
1470 444 1613 482 oportet
1628 434 1661 469 id
1678 435 1841 470 ultimum
1855 435 1920 470 esse
1942 436 2077 470 causam
2105 432 2347 470 immediatam

1390 485 1525 520 finalem
1546 483 1701 530 respe5tu
1719 484 1948 531 cujuscunque
1970 487 2152 530 operantis
2177 484 2293 528 gratia
2307 479 2348 514 fi-

1391 539 1467 570 nis:
1494 534 1676 580 Siquidem
1695 533 1837 580 aliquod
1864 543 2039 568 remotum
2067 544 2135 567 non
2167 531 2349 566 ordinatur

1392 584 1436 620 ad
1452 583 1534 618 illud
1551 611 1561 626 ‚
1585 581 1642 617 nisi
1673 583 1848 618 mediante
1872 581 1937 617 fine
1956 583 2201 629 propinquiori
2228 591 2237 614 ε
2264 576 2351 612 ficut

1392 644 1523 679 organa
1537 635 1714 667 exteriora
1728 632 1888 666 ordinata
1905 632 1947 667 ad
1962 636 2138 679 potionem
2154 656 2166 672 ,
2193 628 2250 664 vel·
2263 631 2352 662 inci-

1393 681 1521 717 sionem
1541 693 1607 716 non
1621 680 1827 717 ordinantur
1837 680 1880 715 ad
1893 680 2075 718 sanitatem
2090 708 2100 724 ‚
2128 678 2185 715 nisi
2202 677 2354 712 median-

1395 732 1492 766 tibus
1511 730 1580 765 istis
1604 730 1729 765 finibus
1751 733 1926 778 propriis:
1953 733 2009 767 via
2040 734 2153 777 igitur
2176 726 2350 764 naturalis

1396 782 1609 825 cognitionis
1639 779 1858 822 incedendo,
1877 792 1944 815 non
1978 780 2172 816 ostenditur
2198 778 2351 825 primum

1396 830 1607 877 principium
1629 828 1693 864 esse
1708 829 1798 877 poss'e
1820 829 1957 864 causam
1981 829 2225 866 immediatam
2238 825 2352 873 respe-

1399 879 1459 914 &tu
1486 883 1643 914 omnium
1660 879 1883 914 causabilium
1895 905 1905 921 ,
1931 878 1991 914 etsi
2009 891 2049 916 ea
2064 880 2182 914 omnia
2195 879 2351 920 attingat

1398 939 1466 963 una
1481 939 1560 962 cum
1576 926 1685 962 causis
1701 931 1873 975 proximis
1891 932 2024 964 ratione
2038 929 2101 963 suae
2115 930 2260 963 virtutis
2277 921 2353 958 infi-

1398 983 1480 1012 nitae
1494 1003 1504 1018 ‚
1528 986 1669 1023 propter
1679 988 1783 1024 quam
1797 977 1845 1012 est
1867 980 2018 1023 primum
2040 977 2192 1014 efficiens
2207 1001 2218 1017 ‚
2242 974 2262 1009 a
2282 984 2353 1021 quo

1399 1027 1537 1062 Coelum
1552 1053 1562 1068 ‚
1583 1026 1616 1060 8<
1630 1036 1751 1062 natura
1775 1026 1973 1074 dependent
1986 1054 1995 1063 .

1451 1075 1547 1124 Qiia
1563 1085 1678 1111 tamen
1695 1103 1704 1118 ,
1732 1075 1852 1111 Deum
1868 1075 1931 1112 effe
1947 1081 1997 1112 ita
2013 1078 2291 1122 omnipotentem
2304 1071 2354 1108 est

1398 1136 1544 1167 verum,
1568 1125 1600 1159 &
1614 1135 1735 1161 eontra
1751 1129 1942 1163 veritatem
1959 1127 2051 1163 nulla
2076 1126 2124 1162 est
2141 1123 2355 1161 demonstra·
2396 1122 2399 1123 ⁷

1401 1180 1453 1211 tio
1471 1202 1480 1217 ‚
1498 1186 1702 1222 quecunque
1728 1173 1869 1210 tandem
1894 1185 2013 1212 contra
2048 1176 2140 1211 lianc
2168 1177 2357 1210 veritatem

1400 1229 1653 1270 excogitarunt
1674 1224 1872 1270 Philosophi
1889 1251 1900 1267 ‚
1919 1224 2100 1272 sophistica
2118 1224 2183 1261 effe
2200 1230 2357 1269 oportet.

1400 1275 1478 1308 Imo
1506 1273 1579 1309 Dei
1604 1273 1859 1320 omnipotentia
1877 1301 1887 1316 ‚
1910 1283 1948 1310 ut
1964 1273 1982 1310 a
1999 1272 2199 1320 Theologis
2212 1270 2358 1308 adstrui·-
2401 1302 2404 1307 ,

1400 1334 1458 1359 tui·
1473 1349 1484 1364 ‚
1507 1323 1735 1369 probabiliter
1749 1322 1860 1370 potest
1877 1323 2011 1360 ostendi
2026 1333 2191 1371 tanquam
2211 1333 2333 1358 verum
2345 1350 2357 1366 ‚

1403 1372 1676 1408 &necessarium
1693 1401 1703 1415 ,
1727 1374 1758 1407 8(
1784 1373 1999 1419 probabilius
2026 1375 2195 1421 quidem,
2222 1383 2263 1407 ac
2293 1370 2357 1408 sint

1400 1421 1557 1470 quaedam
1582 1422 1649 1458 alia
1664 1423 1798 1458 credita
1813 1435 1823 1464 3
1841 1427 1923 1468 quia
1938 1436 2004 1459 non
2023 1423 2071 1459 est
2083 1425 2332 1459 inconveniens
2345 1449 2357 1465 ‚

1399 1471 1557 1519 quaedam
1579 1483 1623 1507 ex
1645 1473 1790 1507 creditis
1809 1471 1872 1508 esse
1891 1473 2111 1509 evidentiora
2129 1473 2206 1507 aliis
2223 1497 2233 1513 ,
2257 1471 2356 1518 quod

1401 1524 1575 1556 coniicere
1602 1522 1721 1556 licebit
1749 1533 1794 1556 ex
1815 1521 2037 1558 induetorum
2066 1523 2230 1558 solutione
2254 1532 2355 1566 argu-

1400 1580 1596 1605 mentorum
1611 1597 1621 1612 ‚
1638 1582 1702 1615 pro
1716 1579 1862 1617 utraque
1877 1580 1972 1616 parte
1989 1571 2224 1607 adductorum
2242 1597 2251 1606 .

1450 1619 1513 1655 Ao
1530 1621 1789 1655 ARGUMENTA
1802 1645 1811 1654 .
1843 1620 1901 1655 Ad
1931 1624 2083 1667 primum
2108 1620 2157 1656 est
2184 1620 2355 1665 responsio'

1399 1669 1530 1716 duplex
1547 1683 1556 1711 3
1573 1673 1686 1715 primo
1698 1669 1918 1704 concedendo
1936 1670 2055 1705 Deum
2069 1669 2102 1703 8<
2121 1673 2264 1716 privare
2279 1671 2352 1716 pos—

1402 1719 1432 1753 se
1451 1718 1589 1754 causata
1606 1731 1747 1765 quaeque
1764 1721 1914 1765 propriis
1942 1718 2166 1760 aftionibus,
2188 1719 2221 1753 &
2244 1722 2351 1756 etiam

1400 1768 1543 1816 ipsamet
1555 1768 1729 1805 destruere
1746 1797 1756 1813 ‚
1783 1768 1840 1805 vel
1858 1769 2049 1805 annihilare
2067 1795 2076 1804 .
2113 1767 2171 1803 Est
2185 1779 2271 1814 ergo
2282 1770 2354 1805 haec

1401 1817 1594 1866 propositio
1613 1819 1692 1854 falsa
1707 1846 1717 1862 ,
1736 1820 1769 1854 8<
1785 1818 1945 1863 neganda
1961 1818 2121 1860 subinde,
2145 1829 2244 1853 omne
2256 1819 2355 1866 sem-

1394 1871 1582 1915 piternum
1592 1869 1639 1916 est
1643 1869 1852 1913 formaliter
1867 1868 2106 1914 neceffarium:
2119 1880 2199 1903 nam
2214 1873 2356 1905 nomine

1403 1919 1698 1964 sempiternorum
1712 1923 1875 1954 aeviterna
1892 1918 2119 1962 intelligendo
2130 1945 2141 1960 ,
2154 1929 2257 1953 omne
2270 1923 2355 1954 aevi-

1402 1976 1539 2003 ternum
1557 1967 1669 2015 potest
1684 1967 1882 2015 simpliciter
1897 1979 1962 2002 non
1981 1967 2044 2002 effe
2062 1994 2072 2009 ‚
2097 1967 2181 2001 licet
2207 1979 2276 2003 non
2293 1969 2356 2004 tali

1403 2022 1560 2063 potentia
1577 2016 1707 2067 passiva
1726 2016 1907 2053 intrinseca
1921 2017 2055 2064 ,qualis
2072 2015 2121 2054 est
2135 2020 2165 2051 in
2179 2021 2359 2064 corruptif

1402 2066 1529 2102 bilibus
1546 2095 1554 2104 .

1451 2118 1531 2154 Alia
1548 2117 1732 2165 responsio;
1749 2116 1865 2153 Posito
1878 2117 1973 2164 quod
1990 2117 2094 2153 Deus
2112 2117 2226 2162 privet
2240 2117 2361 2153 causas

1399 2166 1565 2202 secundas
1604 2173 1754 2215 propriis
1792 2166 1994 2202 astionibus
2009 2192 2019 2208 ,
2048 2168 2290 2212 praeveniendo
2316 2179 2359 2203 ne

1406 2225 1595 2262 agant,non
1613 2227 1797 2264 propterea
1814 2214 2005 2251 deficerent
2019 2216 2136 2262 quoad
2148 2215 2211 2251 esse
2229 2227 2362 2252 earum:

1400 2265 1630 2301 Subsisterent
1648 2266 1788 2309 enim,&
1803 2277 1870 2300 non
1885 2266 2166 2312 causarent,quia
2184 2269 2361 2313 potentio-

1398 2319 1426 2349 ri
1444 2317 1544 2351 causa
1558 2315 1918 2363 prevente,propriam
1934 2318 2107 2350 virtutem
2124 2326 2291 2352 exercere
2303 2327 2364 2352 ne-

1401 2369 1567 2412 quirent,
1585 2363 1642 2400 etsi
1662 2368 1801 2400 interim
1816 2364 1848 2398 8<
1863 2364 1936 2411 ipsae
1966 2363 2114 2412 poffent3
2145 2368 2225 2412 quia
2250 2363 2363 2413 pres-'co

1405 2413 1485 2461 ipsis
1500 2414 1581 2449 esset
1596 2419 1737 2461 propria
1753 2414 1951 2460 sorma,quae
1966 2412 2016 2449 est
2030 2416 2241 2462 principium
2256 2426 2365 2461 agen-

1401 2463 1566 2498 di.P0rro
1580 2464 1887 2500 Commentatoris
1903 2462 2034 2499 dit‘tum
2049 2463 2154 2499 habet
2169 2467 2362 2500 veritatem

1402 2517 1435 2548 in
1456 2513 1522 2547 hoc
1539 2513 1615 2547 sens
1611 2526 1629 2547 u
1645 2540 1655 2554 ,
1675 2513 1764 2549 Cam
1779 2515 1877 2547 entia
1892 2523 1958 2547 non
1969 2512 2101 2548 hahent
2125 2514 2364 2560 aft'ionespro-

1398 2565 1524 2611 psius,
1550 2561 1650 2604 idest,
1665 2574 1729 2598 nec
1747 2562 1826 2597 attu
1844 2588 1854 2604 ,
1882 2573 1944 2596 nec
1957 2565 2127 2607 potentia,
2141 2563 2193 2597 seu
2213 2566 2364 2604 virtute.

1402 2623 1469 2647 77071
1482 2611 1659 2647 habebunt
1671 2612 1835 2658 efflemias
1843 2613 2023 2658 proprias,
2034 2613 2115 2658 quia
2130 2610 2362 2647 destitueren-

1401 2672 1458 2697 tur
1484 2662 1620 2704 forma,
1644 2672 1822 2709 perquam
1850 2661 1905 2697 vel
1925 2667 2053 2707 agunt,
2078 2661 2134 2697 vel
2162 2673 2267 2707 agere
2285 2660 2361 2708 pos·

1401 2712 1475 2747 sunt
1492 2738 1500 2746 .

1450 2761 1509 2796 Ex
1521 2761 1649 2808 quibus
1666 2768 1768 2809 patet
1783 2758 1955 2807 responsio
1973 2760 2015 2794 ad
2033 2758 2176 2806 id‚quod
2192 2759 2361 2796 subdeba-

1401 2820 1459 2847 tur
1483 2810 1525 2846 de
1552 2820 1674 2845 motu.
1696 2811 1790 2846 Nam
1814 2810 2053 2845 concedimus:
2078 2809 2198 2844 Deum
2215 2821 2359 2845 movere

1401 2859 1494 2907 posse
1507 2864 1540 2895 in
1567 2859 1701 2895 instanti
1729 2859 1962 2906 quodcunque
1991 2869 2121 2906 corpus
2147 2870 2192 2894 ex
2222 2859 2360 2895 infinita

1405 2914 1570 2957 potentiae
1587 2910 1651 2944 suae
1669 2908 1878 2950 atftivitate3
1902 2919 2012 2954 neque
2030 2909 2072 2943 ad
2084 2908 2150 2942 hoc
2167 2909 2234 2945 ulla
2248 2908 2362 2944 osten—

1405 2961 1442 2994 di
1463 2959 1574 3006 potest
1588 2962 1814 3006 repugnantia
1832 2984 1840 2993 .
1857 2956 1902 2994 Et
1932 2960 2099 3003 quamvis
2124 2958 2339 3005 Aristoteles
2352 2984 2364 3001 ‚

1403 3010 1549 3057 ejusque
1565 3006 1892 3052 Comm.0ppofitum
1907 3010 2096 3042 tenuerint:
2114 3011 2146 3041 in
2161 3007 2228 3043 hoc
2240 3017 2357 3043 tamen

1402 3058 1551 3100 constat,
1564 3070 1626 3093 eos
1640 3056 1765 3093 errasse
1781 3082 1789 3091 .
1804 3056 1996 3091 posuerunt
2009 3066 2124 3091 tamen
2145 3057 2264 3093 Deum
2282 3069 2360 3093 mo-

1404 3120 1487 3144 vere
1501 3108 1624 3143 coelum
1639 3106 1810 3148 mediate,
1835 3105 1950 3141 media
1966 3106 2092 3143 scilicet
2123 3106 2360 3153 Intelligentia

1404 3167 1551 3193 motrice
1565 3184 1573 3192 .

1454 3206 1512 3242 Ad
1536 3205 1836 3241 confirmationem
1858 3214 1955 3252 patet
1979 3205 2150 3253 responsio
2175 3217 2221 3243 ex
2235 3205 2358 3243 diffls.

1410 3256 1506 3291 Nam
1522 3255 1580 3290 etsi
1596 3256 1697 3291 Deus
1712 3255 1957 3302 praeveniendo
1970 3257 2209 3292 causalitatem
2221 3265 2360 3293 creatu-

1410 3317 1446 3352 re
1461 3332 1471 3347 ,
1489 3309 1647 3351 privaret
1671 3316 1746 3340 eam
1762 3309 1904 3351 propria
1928 3305 2088 3349 afflone,
2105 3306 2137 3340 8<
2150 3307 2360 3348 causalitate,

1408 3368 1473 3390 non
1496 3365 1612 3389 tamen
1626 3353 1810 3390 necessario
1826 3353 1954 3390 exinde
1969 3354 2152 3392 inferretur
2165 3355 2359 3391 destructio

1406 3415 1538 3440 naturae
1554 3431 1564 3446 ,
1587 3403 1619 3437 8<
1639 3406 1801 3440 entitatis
1816 3405 1913 3452 ejus,
1936 3417 2000 3440 nec
2017 3405 2159 3440 subinde
2185 3405 2359 3452 deperiret

1404 3454 1493 3489 ordo
1513 3454 1697 3490 essentialis
1714 3454 1894 3489 causarum
1907 3481 1917 3496 ,
1940 3459 1998 3501 qui
2017 3455 2185 3490 fundatur
2207 3458 2237 3488 in
2250 3452 2357 3488 essen-

1404 3508 1464 3539 tiis
1477 3505 1625 3549 ipsarum
1640 3530 1650 3544 ‚
1678 3516 1739 3549 per
1754 3515 1840 3550 quas
1857 3504 1996 3550 possunt
2012 3509 2110 3540 exire
2122 3506 2156 3539 in
2173 3503 2302 3546 aetum,
2314 3513 2357 3539 ac

1405 3554 1601 3602 producere
1619 3552 1779 3588 effettum
1793 3556 1825 3587 in
1843 3556 1900 3588 suo
1913 3554 2035 3589 ordine
2049 3579 2058 3588 .

1454 3603 1591 3638 Etcum
1607 3606 1767 3645 arguitur
1781 3602 1823 3638 de
1837 3602 1946 3638 forma
1962 3601 2154 3643 materiali,
2167 3600 2356 3636 dicendum

1402 3651 1648 3698 Philosophum
1665 3665 1729 3687 non
1753 3664 1886 3698 negare
1899 3652 2044 3687 formam
2060 3651 2278 3687 materialem
2291 3652 2356 3685 im·

1403 3701 1558 3736 mediate
1573 3701 1592 3737 a
1609 3701 1735 3737 Deoin
1752 3706 1932 3737 materiam
1950 3700 2063 3735 induci
2080 3712 2088 3734 :
2105 3704 2176 3735 imo
2199 3700 2233 3735 id
2247 3704 2355 3736 etiam

1401 3751 1606 3786 concederet
1618 3751 1659 3785 de
1675 3755 1788 3785 anima
1804 3749 2018 3786 intelieftiva
2031 3776 2041 3791 ‚
2057 3750 2133 3784 ade
2143 3752 2354 3796 gen.Anim.

1399 3812 1471 3849 cap.
1488 3813 1518 3848 3.
1534 3801 1566 3836 8<
1584 3799 1728 3848 quidem
1750 3804 1841 3836 citra
1864 3810 2003 3836 omnem
2020 3798 2068 3834 sui
2093 3803 2327 3836 mutationem
2344 3826 2355 3843 ,

2243 3861 2305 3898 per

2389 3598 2530 3640 Qodlib.
2549 3603 2594 3637 qu.

2391 3650 2406 3667 z
2415 3649 2423 3665 ¹
2441 3642 2456 3670 6
2469 3639 2523 3667 Sed
2531 3645 2594 3675 quo-

2389 3676 2463 3706 modo
2507 3681 2592 3716 prope

2388 3717 2471 3745 finem
2482 3736 2493 3747 .
