2650 4142
109 445 133 463 4.
143 436 199 459 (liss-
210 437 253 465 48,
269 442 297 462 q.
307 443 322 465 ⁴

106 469 224 499 §Korma
235 467 325 499 Adai),

112 1957 137 1983 α’.
145 1956 199 1994 dist?
209 1966 265 1988 ²⁰1!-
273 1961 324 1995 ³¹⁷3*

110 1991 202 2021 ostem
212 1993 254 2025 effe
265 2008 274 2018 .

114 3452 137 3472 t.
155 3444 209 3470 iiiii.
218 3452 257 3475 ης,

353 245 439 281 stitit
458 249 489 279 in
505 253 665 288 tempore
678 268 689 282 ,
721 240 916 287 perfet‘lam
930 269 940 284 ‚
958 254 1025 277 non
1040 242 1085 276 ob
1100 243 1254 286 aliquam
1270 238 1317 272 sui

350 296 539 329 utilitatem
555 318 565 333 ,
591 290 646 326 sed
676 292 802 325 intuitu
822 292 993 327 bonitatis
1014 289 1253 330 iiiaeint'initae‚
1284 288 1317 322 &

350 344 394 380 ad
408 340 631 378 ostensionem
643 340 778 373 suarum
796 340 1072 386 perfetstionum3
1097 339 1175 376 ideo
1193 340 1226 374 8(
1255 348 1315 371 en-

351 398 399 427 tia
431 392 542 427 voluit
571 389 636 424 eil'e
663 390 866 434 inaequalia,
893 398 931 425 ut
947 389 1042 437 quod
1072 389 1315 435 repraesentare

353 453 420 476 non
440 448 582 487 poterat
598 450 687 473 unus
701 438 848 474 effeftus
863 466 874 481 ,
897 450 1075 486 unumque
1105 440 1242 473 entium
1258 447 1318 481 ge-

351 503 417 527 nus
435 518 444 533 ‚
457 489 554 525 fieret
567 490 636 535 ipsi
651 500 768 523 rerum
780 487 1033 529 universitate-5
1062 484 1119 523 sed
1133 484 1190 522 nisi
1207 485 1314 522 eausae

350 541 464 576 liberae
476 537 660 576 effeetuum
676 538 782 574 libere
798 538 1019 583 produftivae
1047 549 1115 573 non
1140 537 1319 572 haberent

349 591 468 625 locum
495 592 528 623 in
544 591 678 623 entium
707 587 998 630 coordinatione,
1026 599 1089 633 per
1103 586 1176 622 Dei
1196 585 1319 631 provi·

348 640 501 675 dentiam
521 638 616 671 haud
636 636 852 684 prospefftum
867 637 951 672 esl‘et
964 634 1117 671 universi
1134 634 1319 682 perchtio-

353 694 469 732 ni3nec
482 686 615 723 infinita
629 687 773 722 libertas
788 690 889 732 primi
906 686 1068 732 principij
1086 683 1318 719 manifestare.

348 748 461 780 tur,ut
476 745 728 784 oportet3ergo
741 737 857 772 divina
877 735 1099 781 providentia
1113 734 1236 769 nedum
1252 743 1317 767 non

350 789 477 822 adimit
497 787 708 826 libertatem,
720 795 780 820 aut
792 787 940 831 imponit
956 783 1194 819 necessitatem
1209 779 1319 816 causis

352 837 484 878 liberis,
500 834 554 871 sed
572 839 682 871 etiam
699 835 745 870 ad
763 835 864 880 ipsam
885 834 1017 881 speftat
1033 860 1044 874 ,
1058 833 1090 867 8(
1108 843 1170 867 eas
1184 829 1319 879 produ·

353 899 432 922 ecre
453 886 495 921 ad
511 884 663 921 universi
682 886 900 920 conflandam
917 882 1166 932 perfeifftionem
1181 908 1191 923 ,
1216 889 1319 926 atque

355 948 419 971 eas
434 936 466 969 in
484 934 537 970 sua
552 935 717 970 libertate
746 931 1010 969 coniervaiead
1024 931 1252 966 ostensionem
1269 933 1317 964 in-

354 984 458 1020 finitae
481 985 658 1020 libertatis
686 982 918 1029 sapientissimi
944 982 1133 1029 pioviforis
1159 1006 1166 1015 .
1197 977 1320 1014 Minor

353 1034 559 1070 declaratur
576 1046 586 1073 ς
601 1043 680 1067 nam
697 1030 718 1065 sl
734 1031 885 1066 deesl'ent
907 1031 1073 1065 univerit>
1087 1030 1193 1064 causae
1206 1029 1319 1066 libere

352 1095 496 1127 agentes
510 1109 519 1124 ‚
533 1085 694 1127 potiores
705 1107 714 1123 ,
725 1092 766 1115 ac
781 1079 1047 1126 praestantiores
1063 1080 1170 1115 causae
1185 1078 1244 1113 sibi
1259 1083 1319 1116 de-

352 1132 457 1168 essent
486 1145 494 1166 :
516 1131 549 1165 8(
565 1129 587 1164 fi
605 1131 635 1164 in
651 1129 727 1166 astu
748 1134 863 1176 primo
876 1129 1057 1166 duntaxat
1076 1129 1137 1164 tali
1156 1129 1318 1166 libertate

353 1182 527 1229 pollerent
544 1206 554 1222 ‚
577 1178 623 1214 slc
651 1189 689 1214 ut
717 1183 750 1214 in
779 1182 957 1214 exercitio
973 1182 1113 1215 minime
1131 1179 1162 1214 se
1180 1191 1317 1217 vertere

352 1230 482 1277 posl'ent
502 1241 565 1276 pro
583 1226 682 1264 iibito
697 1229 739 1264 ad
758 1239 944 1273 utramque
962 1240 1107 1276 partem,
1121 1229 1236 1274 quoad
1251 1230 1318 1264 hoc

349 1292 416 1317 non
436 1279 631 1327 praestarent
648 1305 658 1319 ,
686 1290 750 1313 nec
769 1280 1001 1325 praecellerent
1021 1281 1194 1326 appetitui
1224 1279 1316 1313 sensi-

351 1331 430 1365 tivo
443 1357 453 1372 ,
472 1328 525 1363 sed
543 1333 658 1374 magis
672 1328 885 1363 ducerentur
899 1329 916 1364 ii
934 1330 1051 1364 divini»
1071 1328 1315 1374 providentia,

351 1389 391 1414 ut
405 1380 458 1415 ille
473 1378 615 1413 ducitur
631 1378 677 1412 ab
689 1377 941 1424 objeftis3ergo
957 1391 1001 1414 ex
1018 1380 1082 1415 hae
1099 1389 1219 1413 creata
1237 1391 1316 1424 per-

352 1429 508 1466 fthione
523 1440 588 1463 non
602 1427 776 1474 possemus
792 1429 916 1463 inferre
933 1429 1096 1464 sumi-riam
1112 1429 1315 1464 libertatem

352 1483 385 1513 in
406 1483 521 1526 primo
551 1481 741 1524 principio,
772 1480 882 1512 necin
917 1484 1125 1525 participata
1155 1477 1315 1514 libertate

350 1534 481 1576 prima,
498 1527 514 1563 ἐι
529 1539 599 1574 qua
614 1526 671 1562 eil.
691 1528 865 1562 eluceret.
885 1527 1025 1562 Nerium
1043 1533 1153 1572 igitur
1171 1540 1238 1562 non
1254 1527 1315 1563 de-

353 1577 495 1614 struitur
513 1585 632 1611 creata
646 1575 819 1612 libertas&
837 1577 957 1613 divina
971 1577 1193 1623 providentia
1209 1604 1218 1619 ‚
1253 1589 1315 1612 vc·

350 1631 426 1663 rum
442 1631 550 1663 etiam
566 1627 640 1672 ejus
659 1626 870 1672 potiflimum
906 1628 1043 1663 interest·
1055 1655 1065 1670 ‚
1097 1628 1127 1660 3(
1143 1638 1218 1661 eam
1234 1638 1316 1661 con·

352 1678 448 1721 dere,
462 1677 496 1711 &
516 1676 644 1710 salvam
659 1676 864 1710 conservare
882 1701 892 1715 ,
907 1678 950 1710 ad
970 1677 1053 1712 :fines
1068 1677 1112 1710 ah
1127 1678 1191 1720 {gviii
1206 1680 1317 1711 inten-

350 1737 408 1763 tos
428 1732 460 1761 in
473 1723 653 1761 condenda
674 1736 790 1760 rerum
811 1726 1035 1762 universirate
1055 1752 1062 1760 .
1084 1725 1273 1767 Postremo,
1291 1723 1313 1761 {i

351 1778 368 1815 ἐι
387 1778 455 1813 Dei
474 1776 709 1822 providentia
724 1775 830 1808 rebus
846 1775 991 1821 provifis
1008 1775 1164 1810 absolute
1179 1776 1317 1811 nei-efli-

348 1838 404 1864 tas
418 1827 790 1872 imponeretur35gitur
808 1824 841 1858 id
857 1835 917 1860 aut
934 1826 1201 1865 necefl'ariofflut
1219 1825 1312 1861 certe

350 1889 394 1914 ex
408 1876 482 1923 ejus
496 1873 691 1910 ‹ieiettione
706 1876 924 1920 proveniret.
942 1877 979 1910 Si·
1000 1875 1316 1919 ncccssdrio,¹gitur

350 1927 483 1963 nullum
498 1925 627 1959 malum
644 1921 727 1957 effet
744 1925 775 1956 in
790 1924 930 1958 entibus
949 1938 958 1966 3
981 1937 1058 1960 nam
1091 1925 1313 1972 providentia

347 1979 469 2013 divina
498 1984 564 2009 non
580 1971 729 2007 intendit
757 1972 924 2008 maiitiam
939 2001 948 2017 ‚
975 1978 1042 2009 imo
1055 1988 1096 2010 eo
1124 1984 1198 2009 tota
1224 1975 1315 2010 illius

349 2026 491 2072 energia
509 2052 519 2067 ‚
546 2024 578 2059 8<
595 2026 807 2069 praeparatio
818 2024 998 2066 collimat,
1026 2035 1063 2059 ut
1077 2030 1196 2059 omnia
1225 2026 1314 2059 mala

349 2077 394 2112 ab
411 2074 580 2121 operibus
592 2071 669 2118 ejus
685 2069 930 2119 depellantur3
950 2074 1005 2108 iila
1019 2073 1314 2119 igiturneceffita-

349 2135 384 2162 te
405 2125 506 2160 rebus
518 2122 683 2157 omnibus
702 2125 917 2168 imponente,
930 2134 996 2157 non
1012 2123 1198 2170 superesset
1216 2125 1313 2159 locus

351 2176 410 2211 ulli
425 2173 571 2209 malitiei
604 2175 634 2205 in
648 2170 792 2206 entibus
806 2197 816 2211 ,
837 2175 919 2219 quia
937 2181 1021 2207 tunc
1038 2174 1150 2208 media
1180 2173 1222 2208 ab
1249 2175 1311 2209 illa

353 2222 499 2273 provisis
516 2219 889 2259 exhibitamecessario
901 2227 1081 2268 proprium
1097 2222 1313 2270 assequeren-

350 2284 410 2309 tur
426 2272 539 2308 finem:
557 2271 586 2304 is
602 2281 719 2305 autem
739 2268 814 2304 finis
824 2269 870 2305 est
886 2271 1047 2313 bonitas,
1064 2272 1097 2307 8(
1116 2273 1284 2318 ροῑϊεᾶῑὶο
1303 2299 1314 2315 ,

351 2323 547 2359 &felicitas
565 2333 575 2361 3
601 2331 690 2365 ergo
707 2319 787 2354 cum
804 2320 911 2356 multa
936 2323 1066 2357 malitia
1080 2320 1118 2358 fit
1132 2326 1217 2359 inter
1247 2323 1311 2359 ho-

353 2364 476 2413 iiiiiiesJ
490 2370 509 2406 a
524 2370 625 2405 causa
638 2395 648 2411 ,
669 2379 743 2414 quae
760 2367 839 2405 iufis
854 2371 1022 2413 consulit,
1050 2371 1214 2417 prospicit
1227 2398 1238 2415 ‚
1269 2383 1312 2408 ac

352 2422 538 2471 providet,
561 2431 628 2453 non
656 2418 850 2463 imponitur
887 2420 1065 2455 neceffitas
1102 2421 1253 2466 agendi,
1276 2422 1310 2456 8(

350 2470 627 2519 operandijuxta
647 2468 738 2502 illius
751 2467 1053 2514 dispensationem,
1072 2470 1125 2506 sed
1141 2470 1266 2512 iibere,
1279 2472 1313 2508 8(

351 2522 547 2556 voluntarie
562 2528 665 2552 unam
679 2540 690 2560 9
721 2525 784 2551 aut
801 2517 952 2553 alteram
972 2528 1108 2564 partem
1138 2521 1216 2555 licet
1232 2521 1312 2567 ipsis

350 2568 515 2616 amplefti
529 2595 537 2603 .
554 2569 591 2603 Si
609 2576 749 2602 veroex
764 2565 954 2610 eieffime,
971 2569 1003 2603 8<
1018 2570 1217 2605 voluntarie
1233 2570 1313 2616 ipfis

352 2621 397 2656 ab
413 2617 636 2666 providentia
653 2613 693 2650 sit
709 2615 859 2663 injunffta
885 2618 1065 2653 necessitas
1097 2618 1142 2653 sie
1155 2647 1165 2662 ‚
1198 2621 1252 2655 vel
1270 2619 1315 2655 fic

349 2666 521 2715 operandi
536 2680 546 2708 ς
563 2675 637 2713 quae
649 2677 735 2710 ergo
750 2666 885 2701 utilitas
902 2666 967 2701 fuit
982 2668 1079 2713 leges
1093 2695 1102 2712 ‚
1120 2669 1151 2703 8(
1168 2670 1313 2705 manda-

350 2729 387 2756 ta
401 2716 511 2752 causis
526 2717 647 2751 liberis
664 2715 911 2762 proponendi?
925 2716 1021 2751 Nam
1041 2719 1132 2753 nulla
1149 2719 1223 2766 lege
1242 2722 1314 2753 lan—

352 2771 426 2802 cita
442 2793 452 2808 ,
480 2778 543 2801 nec
558 2766 674 2810 aliquo
687 2764 817 2799 indicito
836 2775 1032 2812 praecepto,
1056 2768 1169 2802 adhuc
1195 2770 1314 2803 homi-

351 2829 413 2854 nes
433 2816 450 2854 a
468 2815 698 2865 providentia
732 2812 981 2849 inducerentur
994 2828 1064 2861 quo
1082 2819 1128 2853 illi
1159 2819 1282 2853 liberet
1299 2828 1312 2860 ς

352 2878 417 2903 nec
430 2871 465 2902 in
482 2876 585 2900 manu
617 2863 754 2898 illorum
769 2861 930 2909 eisetlegi
947 2864 1081 2902 statutae
1110 2867 1142 2902 se
1174 2866 1312 2902 confor-

354 2928 450 2952 mare
465 2943 478 2957 ,
502 2924 564 2950 aut
578 2910 790 2948 difformiter
813 2912 855 2947 ad
870 2913 959 2948 illam
975 2927 1104 2960 agere:
1133 2915 1208 2951 fieri
1225 2928 1312 2963 ergo

352 2977 421 3001 non
437 2964 560 3012 potest,
579 2961 734 2998 utstante
748 2961 967 3007 providentia
984 2990 996 3006 ,
1009 2976 1062 2999 res
1077 2966 1222 3012 provisae
1234 2978 1313 3000 orn·

354 3027 413 3051 nes
431 3013 624 3050 necessitate
640 3022 803 3056 agantur:
824 3013 894 3048 imo
908 3025 975 3047 non
995 3015 1063 3049 alio
1075 3015 1221 3050 tendunt
1236 3016 1314 3050 ido·

354 3076 425 3100 neae
437 3091 446 3105 ‚
458 3072 608 3111 apteque
626 3064 898 3108 praeparationes
913 3063 1109 3099 mediorum
1124 3092 1134 3107 ,
1157 3063 1261 3112 quiiin
1276 3073 1316 3101 ut

355 3112 541 3150 ostendant
559 3111 782 3159 providentis
799 3112 905 3146 causae
930 3116 1156 3148 intentionem
1185 3119 1315 3161 prima-

357 3167 446 3198 riam
461 3161 538 3204 effe,
557 3173 597 3196 ac
611 3173 670 3207 per
684 3161 712 3195 se
726 3170 854 3205 cupere
873 3162 992 3196 catillis
1006 3162 1134 3198 liberas
1150 3165 1220 3198 illis
1234 3176 1317 3200 coa-

357 3223 439 3259 gere
455 3210 498 3246 ad
516 3210 592 3247 finis
609 3209 880 3257 asl'cuntionem
896 3236 906 3251 ,
923 3223 963 3245 ac
979 3212 1105 3246 nullam
1121 3213 1165 3247 ab
1185 3215 1242 3248 illa
1258 3226 1315 3249 ne·

358 3259 544 3296 cessitatem
562 3262 712 3306 proinde
728 3256 925 3304 impositam
942 3260 1101 3297 effefliic
1114 3262 1246 3299 faciunt
1264 3263 1317 3298 di-

359 3310 540 3357 &aficpm
556 3309 911 3358 quaest.19.artic.3.&
931 3310 1004 3352 8.(ζῖ
1018 3312 1256 3359 quaefitbinde
1270 3314 1317 3350 il-

362 3361 405 3395 lis
415 3360 497 3395 locis
507 3364 666 3394 citamar
681 3384 690 3392 0

414 3412 475 3445 An
495 3410 756 3445 ARGUMENTA
783 3433 791 3442 .
818 3407 875 3443 Ad
890 3411 1039 3454 primum
1065 3410 1254 3458 respondeo
1272 3407 1317 3446 ad

361 3463 532 3495 minorem
548 3484 557 3500 ‚
572 3456 737 3506 quicquid
754 3457 855 3492 Deus
872 3458 1032 3494 decrevit
1044 3460 1200 3496 futurum
1217 3488 1227 3504 ‚
1254 3468 1318 3496 aut

361 3507 560 3544 faciendum
593 3507 779 3543 voluntate
792 3506 1019 3553 beneplaciti,
1041 3510 1094 3545 seu
1109 3511 1317 3558 consequen-

362 3562 387 3593 ti
403 3584 413 3600 ,
425 3558 455 3592 8(
472 3556 633 3599 efficaci,
648 3560 767 3602 utique
786 3558 1098 3604 repraesentandum
1111 3559 1177 3594 esse
1191 3572 1256 3607 pro
1273 3570 1319 3597 eo

363 3616 521 3651 tempore
535 3633 546 3649 ,
573 3616 643 3652 quo
661 3604 828 3640 statutum
842 3605 933 3640 fuit:
960 3619 1026 3643 non
1043 3620 1129 3644 vero
1156 3608 1320 3657 quicquid

364 3654 421 3690 sibi
438 3656 605 3701 placitum
623 3654 750 3695 esse‚ut
763 3653 822 3690 fiat
835 3681 845 3699 ‚
868 3651 1020 3693 ostendit
1037 3659 1218 3694 voluntate
1232 3658 1317 3703 signi

364 3704 539 3740 duntaxat
552 3731 561 3741 .
591 3703 937 3752 itaquequaecunque
951 3716 1011 3753 per
1023 3707 1180 3742 divinam
1198 3710 1318 3755 provi-

364 3752 521 3790 dentiam
534 3754 610 3790 sunt
623 3764 815 3815 praeparata
829 3780 841 3797 ‚
867 3765 907 3790 ac
921 3753 1065 3793 decreta
1081 3757 1199 3794 media
1215 3759 1316 3795 exhi·

860 146 1124 216 Summae
1130 145 1177 229 J
1179 141 1396 213 oannis
1423 143 1596 210 Duns
1615 143 1783 211 Scoti
1801 156 1817 210 .'

1382 236 1493 271 benda
1524 238 1555 271 in
1572 245 1733 282 tempore
1752 235 1862 273 causis
1879 235 2040 272 secundis
2066 238 2252 274 voluntate
2275 234 2346 272 eslii

1379 288 1476 327 caci,
1503 286 1560 321 iiia
1574 287 1801 322 infallibiliter
1816 286 2032 322 exhibentur
2047 286 2128 334 ipfis
2149 293 2183 323 in
2204 298 2344 334 tempo-

1378 347 1414 368 re
1428 361 1438 377 ‚
1459 344 1495 369 at
1509 345 1549 370 ut
1565 335 1676 371 causis
1694 348 1761 370 non
1776 337 1896 371 liberis
1925 337 2124 379 praebentur
2139 365 2149 381 ‚
2175 347 2216 371 ut
2234 337 2341 383 pluri-

1380 396 1475 418 mum
1502 385 1597 420 suum
1617 386 1823 421 sortirentur
1847 383 2038 427 effeFtuin,
2065 386 2121 421 seu
2146 386 2269 428 finem,
2293 383 2340 419 ad

1376 445 1481 480 quem
1496 434 1570 471 sunt
1584 435 1617 470 3(
1630 445 1836 483 praeparata,
1849 434 1881 469 8(
1893 435 2051 470 exhibita
2069 461 2077 469 .
2098 435 2189 471 Dixi
2208 445 2249 471 ut
2258 436 2342 482 plu-

1377 487 1532 526 rimum,
1557 488 1637 531 quia
1658 484 1996 531 impediriqueunta
2021 483 2132 518 causis
2164 487 2341 530 potentio-

1378 534 1474 568 ribus
1486 560 1497 575 ,
1526 533 1709 569 secundum
1736 544 1897 569 naturam
1926 534 2118 579 agentibus
2130 560 2140 574 ,
2162 533 2196 568 &
2225 533 2340 568 multo

1379 587 1494 628 magis
1508 583 1553 617 ab
1568 583 1690 619 eadem
1703 584 1803 618 causa
1818 587 1947 629 prima,
1970 587 2056 618 utin
2070 584 2260 619 eventibus
2271 585 2337 617 mi·

1378 631 1545 667 raculofis
1563 659 1573 668 .
1601 630 1679 667 Iino
1704 646 1744 668 ne
1764 637 1792 668 in
1811 632 1981 678 potestate
1994 632 2139 679 quidem
2156 632 2341 668 causarum

1378 682 1570 717 liberarum
1585 681 1632 716 est
1645 709 1655 724 ,
1671 683 1783 718 media
1803 682 1846 717 sic
1860 681 1879 717 a
1896 683 1977 719 Deo
1997 683 2113 718 volita
2127 695 2195 719 non
2209 685 2342 727 recipe·

1377 743 1414 766 re
1425 757 1433 765 .
1448 732 1589 768 Verum
1601 735 1682 779 quia
1697 731 1830 768 dantur
1842 759 1852 775 ‚
1864 732 1897 766 &
1913 733 2127 768 exhibentur
2138 759 2149 775 ,
2165 735 2279 778 gratia
2294 730 2342 766 as-

1378 778 1536 827 sequendi
1552 792 1631 815 eum
1648 780 1775 823 finem,
1800 790 1948 829 propter
1978 793 2083 830 quem
2101 782 2133 817 3<
2161 784 2240 818 latae
2267 781 2344 816 sunt

1377 829 1473 876 leges
1488 830 1697 872 refiifl'imae,
1714 830 1842 867 statuta
1858 830 2042 873 mandata,
2055 831 2087 866 &
2106 842 2232 868 caetera
2249 829 2346 876 adju-

1380 884 1473 914 toria
1496 880 1775 925 supernaturalia
1805 881 1958 924 donata,
1980 891 2085 928 atque
2115 885 2144 916 is
2173 880 2251 915 finis
2265 877 2343 916 sitit

1383 929 1467 966 Deo
1480 934 1637 965 intentus
1656 931 1838 966 voluntate
1851 929 2084 973 antecedenti,
2097 930 2129 965 8(
2144 929 2228 977 figni
2244 956 2256 972 ,
2272 941 2342 964 non

1379 989 1525 1024 oportet
1539 987 1578 1014 ut
1595 979 1639 1014 ad
1653 991 1695 1014 ea
1710 980 1825 1015 media
1842 979 1968 1016 divinae
1981 979 2213 1026 providentiae
2228 977 2343 1014 conse-

1378 1029 1752 1075 quaturinfallibiliter
1765 1027 1935 1072 effeftus,
1961 1029 2014 1065 sed
2042 1041 2129 1066 tunc
2156 1029 2343 1065 solummo—

1376 1078 1445 1119 do,
1466 1089 1573 1124 quum
1589 1079 1619 1113 8<
1635 1079 1700 1125 ipsa
1717 1081 1824 1125 prima
1843 1079 1944 1116 causa
1960 1076 2025 1115 una
2040 1091 2120 1114 cum
2145 1079 2340 1115 voluntate

1381 1139 1498 1163 creata
1513 1128 1672 1164 decrevit
1704 1127 1944 1164 bonurnusum
1969 1140 2091 1164 eorum
2122 1127 2343 1164 mediorum:

1380 1189 1466 1214 tunc
1479 1179 1573 1212 enirn
1595 1179 1769 1213 voluntati
1782 1180 1874 1215 illius
1885 1179 2018 1215 efficaci
2031 1205 2042 1219 ,
2066 1183 2124 1213 cui
2145 1188 2248 1214 nemo
2263 1174 2345 1212 refi-

1379 1228 1464 1263 stere
1479 1226 1613 1273 potest,
1645 1228 1893 1275 correspondet
1921 1228 2150 1264 infallibiliter
2176 1226 2346 1263 effefitus:

1379 1290 1448 1312 non
1467 1289 1582 1314 tamen
1598 1276 1789 1314 necessario
1803 1307 1814 1322 ‚
1830 1277 1888 1315 nifi
1904 1279 2101 1314 extrinseca
2120 1277 2320 1314 necessitate
2333 1301 2345 1318 ‚

1378 1328 1412 1362 8(
1425 1328 1733 1374 consequentiaestf
1749 1340 1840 1376 (say.
1858 1330 1964 1364 arm.
1984 1328 2023 1369 ἐς
2044 1328 2075 1363 8.
2088 1332 2208 1363 extitit
2224 1325 2345 1362 decla-

1378 1386 1515 1412 ratum:
1541 1389 1618 1412 nam
1634 1390 1701 1412 non
1717 1378 1764 1413 est
1777 1378 1830 1413 hic
1844 1377 2102 1425 praesuppofitio
2130 1377 2267 1414 decreti
2279 1388 2342 1411 an-

1379 1426 1574 1462 tecedentis
1588 1426 1712 1463 ordine
1724 1427 1963 1463 causalitatis:
1981 1426 2281 1475 quemadmodum
2307 1427 2343 1461 in

1379 1474 1567 1512 efftftunm
1587 1477 1815 1523 produftione
1829 1507 1840 1522 ‚
1865 1490 1931 1513 non
1947 1480 2043 1525 prius
2061 1476 2187 1514 ordine
2198 1476 2343 1513 causali-

1377 1528 1589 1561 tatisinfluit
1615 1531 1728 1572 prima
1744 1529 1867 1569 causa,
1892 1531 1972 1574 quia
1985 1538 2067 1563 tunc
2096 1528 2178 1563 nihil
2208 1531 2343 1563 inveni-

1379 1584 1434 1610 ret
1449 1575 1656 1610 causandum
1688 1581 1717 1611 in
1732 1575 1825 1622 signo
1840 1576 2021 1623 posteriori
2050 1579 2149 1613 causa
2172 1576 2341 1613 secunda:

1379 1623 1453 1660 Sed
1470 1635 1618 1672 utraque
1632 1626 1784 1666 causa,ut
1798 1630 2077 1662 concomitanter
2093 1630 2241 1671 attingit
2257 1624 2343 1663 affe-

1379 1674 1475 1708 &tum
1501 1679 1532 1709 in
1558 1685 1746 1721 tempore,
1770 1677 1818 1710 ita
1849 1674 1883 1709 &
1908 1674 1974 1710 una
2005 1680 2285 1712 concomitanter
2306 1677 2342 1711 sn

1381 1728 1577 1759 :eternitate
1592 1724 1772 1759 decretum
1786 1725 1898 1774 posuit
1910 1752 1921 1768 ,
1945 1725 1979 1760 8(
1993 1736 2096 1759 unam
2109 1734 2245 1772 partem
2256 1737 2342 1761 con-

1381 1773 1602 1810 tradiftionis
1615 1774 1796 1810 decrevit.
1818 1775 1856 1811 Si
1876 1785 1995 1811 autem
2021 1775 2276 1822 intelligeretur
2288 1776 2345 1812 de·

1380 1834 1515 1860 cretum
1531 1824 1737 1859 antecedens
1748 1835 1794 1860 ex
1808 1834 1910 1872 parte
1938 1823 2167 1873 providentiae
2191 1825 2318 1861 divinoe
2329 1853 2342 1868 ,

1380 1874 1488 1908 rebus
1501 1872 1648 1920 provisis
1664 1872 1749 1909 esset
1767 1872 1943 1910 necessitas
1957 1872 2113 1921 imposita
2143 1874 2342 1923 assequendi

1380 1922 1486 1958 finem
1504 1927 1677 1959 intentum
1706 1929 1738 1959 in
1752 1923 1971 1959 exhibitione
1997 1923 2191 1960 mediorum
2205 1952 2215 1968 ,
2241 1925 2341 1963 ficuti

1381 1974 1415 2007 8(
1429 1971 1583 2018 τεΓρεξω
1612 1976 1829 2020 receptionis
1842 1973 1976 2020 pasl‘ivae
1989 1974 2181 2010 eorundem
2206 1975 2344 2011 medio-

1378 2034 1476 2063 rum,
1497 2034 1566 2057 non
1593 2022 1684 2058 estin
1701 2022 1845 2058 secunda
1869 2024 1969 2059 causa
1990 2024 2133 2059 libertas
2147 2051 2158 2067 ‚
2179 2037 2223 2060 eo
2245 2024 2342 2073 quod

1377 2072 1629 2108 antecedenter
1657 2070 1702 2106 ad
1717 2072 1811 2108 suum
1825 2073 2004 2110 decretum
2030 2073 2157 2110 fuerint
2179 2074 2235 2109 ilia
2251 2085 2342 2122 prae·

1377 2131 1499 2171 parata
1512 2149 1522 2166 ‚
1547 2122 1693 2168 prout&
1705 2126 1737 2157 in
1751 2133 1910 2169 tempore
1923 2122 2133 2160 exhibentur
2144 2148 2154 2160 .

1426 2171 1482 2207 Ad
1497 2172 1689 2207 secundum
1704 2173 1858 2208 concedo
1870 2172 2024 2209 divinam
2054 2171 2315 2220 providentiam
2332 2200 2343 2217 ,

1375 2230 1416 2256 ut
1431 2220 1478 2256 est
1493 2226 1711 2267 praeparatio,
1728 2221 1760 2255 8(
1773 2223 1954 2258 exhibitio
1971 2220 2168 2258 mediorum
2185 2220 2205 2259 ὲ
2226 2223 2343 2270 seipsa

1374 2272 1516 2319 praecise
1536 2270 1784 2317 pendentium,
1816 2269 1965 2318 spestare
1979 2271 2022 2307 ad
2040 2271 2224 2308 decretum
2239 2283 2341 2308 ante-

1375 2320 1521 2362 cedens;
1539 2332 1579 2355 ac
1598 2321 1743 2367 proinde
1759 2333 1827 2356 non
1847 2321 1911 2357 esse
1927 2325 1958 2357 in
1974 2333 2076 2357 manu
2092 2322 2274 2357 causarum
2292 2322 2341 2357 se-

1375 2370 1566 2405 cundarum
1581 2373 1812 2417 quantumvis
1826 2371 1935 2407 libere
1961 2376 2139 2417 agentium
2159 2371 2251 2408 illam
2271 2372 2344 2407 ullo

1377 2420 1484 2457 modo
1499 2420 1667 2466 impedire
1682 2446 1691 2462 ,
1704 2429 1765 2456 aut
1778 2423 1966 2457 immutare
1982 2447 1991 2463 ,
2016 2432 2096 2457 narn
2112 2420 2216 2458 Deus
2230 2420 2345 2457 effica—

1374 2472 1407 2504 ci
1425 2470 1606 2506 voluntate
1624 2482 1663 2505 ea
1684 2470 1799 2505 inedia
1815 2472 1846 2504 in
1863 2475 2059 2506 aeternitate
2075 2475 2344 2518 praeparavit‚ut

1377 2523 1409 2554 in
1424 2530 1682 2565 teinporefcum
1698 2518 1822 2554 effthu
1837 2519 1982 2555 exhibet
2007 2545 2016 2553 .
2042 2520 2136 2555 Cum
2160 2530 2277 2556 tamen
2294 2525 2344 2557 in-

1378 2568 1521 2606 terdum
1535 2567 1657 2603 eadem
1671 2569 1783 2603 media
1803 2568 1976 2615 pendeant
2000 2567 2141 2607 alibera
2167 2568 2341 2615 positione

1371 2617 1595 2666 quorundam
1611 2614 1796 2654 effeetuum
1808 2619 1916 2654 causie
1937 2617 2090 2654 secundae
2103 2645 2113 2661 ,
2124 2618 2343 2666 consequen-

1375 2678 1430 2705 ter
1448 2668 1633 2703 involvant
1645 2677 1786 2716 quoque
1798 2668 1983 2704 decretum
2017 2671 2261 2704 concomitans
2277 2682 2341 2704 vo·

1376 2718 1526 2753 luntatis
1540 2716 1689 2760 divincit,
1712 2730 1783 2766 quo
1808 2718 1953 2753 decreto
1979 2716 2047 2754 una
2070 2729 2149 2753 curn
2176 2718 2279 2754 causa
2296 2719 2346 2755 se-

1375 2767 1491 2801 cunda
1519 2765 1640 2801 statuit
1655 2767 1758 2804 Deus
1771 2767 1933 2814 ponenda
1964 2766 2028 2804 effe
2043 2771 2076 2803 in
2096 2765 2241 2810 effestu,
2264 2776 2343 2804 tan-

1377 2829 1484 2865 quam
1499 2817 1613 2852 media
1629 2817 1809 2852 ulterioris
1827 2816 1906 2852 finis
1920 2843 1933 2862 ,
1960 2817 2015 2852 seu
2046 2816 2201 2863 respefftu
2228 2816 2343 2864 ipsius-

1380 2876 1452 2902 met
1465 2866 1563 2915 caustg
1576 2892 1586 2908 ,
1612 2876 1650 2902 ut
1668 2865 1849 2903 decretum
1874 2867 1920 2902 de
1931 2867 2172 2903 concurrendo
2203 2866 2249 2902 ad
2269 2879 2342 2903 nia·

1378 2918 1503 2953 teriale
1518 2917 1678 2963 peccati,
1702 2915 1755 2951 seu
1782 2916 1938 2963 respefitu
1967 2917 2134 2961 alterius,
2158 2924 2197 2950 ut
2228 2916 2344 2953 libera

1380 2966 1505 3002 elefflo
1519 2964 1667 3011 alicujus
1681 2969 1712 3000 in
1727 2965 1928 3012 Principem
1942 2966 1986 3000 ad
2001 2967 2132 3002 bonum
2155 2964 2344 3012 Reipubli-

1382 3027 1430 3050 cae
1444 3043 1452 3051 .
1470 3015 1601 3063 Quoad
1618 3018 1774 3060 pri-orem
1792 3027 1879 3061 ergo
1897 3016 2120 3053 collationem
2135 3015 2343 3056 mediorum,

1383 3064 1444 3100 etsi
1461 3077 1527 3099 non
1540 3064 1581 3100 iit
1595 3067 1626 3098 in
1643 3066 1744 3101 causa
1756 3074 1880 3102 creata
1893 3066 2038 3101 libertas
2054 3093 2064 3108 ,
2087 3065 2134 3101 est
2146 3075 2267 3101 tamen
2281 3064 2343 3112 ipsi

1381 3115 1527 3150 libertas
1539 3113 1731 3160 operandi,
1755 3114 1787 3149 8(
1800 3124 1866 3150 non
1893 3116 2063 3162 operandi
2080 3115 2190 3163 juxta
2208 3115 2343 3151 medio-

1383 3175 1461 3198 rum
1477 3163 1734 3198 inclinationem
1753 3178 1763 3206 ;
1792 3163 1827 3198 id
1842 3166 1932 3199 enim
1948 3164 2077 3213 spe5tat
2109 3165 2153 3201 ad
2183 3165 2345 3201 voiunta-

1381 3223 1455 3248 tem
1481 3216 1560 3260 igni
1573 3216 1689 3259 prima·
1703 3214 1834 3255 causae3
1859 3216 1952 3250 nulla
1977 3218 2192 3262 proindeque
2205 3226 2251 3249 ex
2268 3212 2345 3261 ipsis

1381 3263 1433 3298 est
1445 3267 1474 3297 ei
1492 3261 1650 3311 imposita
1677 3263 1873 3306 necessitas,
1899 3276 2008 3312 neque
2033 3265 2225 3313 quidquam
2239 3264 2349 3300 liber-

1386 3316 1476 3347 tatis
1487 3311 1544 3347 sibi
1573 3311 1760 3348 adimitur.
1785 3313 1879 3349 Cum
1904 3325 1990 3350 vero
2011 3325 2168 3362 preterea
2193 3314 2345 3348 involvit

1384 3362 1574 3397 ¹decretum
1590 3367 1831 3398 concomitans
1844 3390 1854 3406 ‚
1882 3367 1991 3399 etiam
2016 3377 2097 3400 curn
2111 3363 2171 3400 tali
2200 3363 2344 3398 decreto

1384 3412 1519 3457 optime
1534 3411 1681 3447 coheret
1700 3422 1821 3448 creata
1836 3413 1981 3451 libertas
1994 3440 2005 3456 ,
2026 3424 2067 3450 ut
2080 3414 2144 3450 stat
2169 3422 2249 3448 cum
2273 3411 2346 3449 Dei

1384 3461 1555 3496 concursu
1569 3465 1777 3509 intempore
1790 3462 1952 3500 exhibito
1964 3490 1974 3499 .
1991 3492 1994 3495 .

1438 3510 1496 3546 Ad
1511 3514 1658 3545 tertium
1671 3512 1861 3559 respondeo
1879 3539 1888 3555 ,
1912 3511 1934 3548 si
1951 3521 2069 3550 creata
2100 3512 2267 3547 voluntas
2287 3523 2345 3546 ne-

1382 3560 1532 3596 cessario
1544 3558 1732 3596 duceretur
1757 3562 1775 3599 ἐι
1799 3561 1858 3597 fibi
1884 3563 1992 3599 infusa
2013 3562 2207 3603 charitate,
2233 3561 2349 3607 profe·

1388 3609 1449 3645 eto
1464 3637 1474 3654 ,
1486 3610 1586 3646 semel
1605 3610 1661 3645 illa
1676 3611 1859 3648 informata
1876 3623 1964 3653 ‚non
1978 3610 2128 3657 amplius
2140 3609 2249 3658 posset
2265 3622 2347 3657 pec-

1388 3671 1494 3701 care3
1518 3662 1600 3706 quia
1625 3660 1758 3707 semper
1778 3666 1922 3709 operari
1946 3659 2218 3706 compelleretur
2235 3661 2344 3708 juxta

1389 3709 1534 3744 habitus
1545 3710 1806 3746 inclinationem
1825 3709 1882 3744 :id
1895 3718 2015 3746 autem
2030 3708 2079 3743 est
2090 3708 2271 3747 evidenter
2286 3709 2347 3745 fal-

1388 3758 1552 3796 sumtetsi
1567 3763 1677 3808 igitur
1689 3764 1830 3806 quoties
1844 3761 2011 3795 voluntat
2035 3758 2221 3796 habituata
2246 3762 2348 3795 meri·

2208 3811 2298 3846 torie

2377 718 2402 743 3,
2412 710 2469 736 din.
2480 716 2518 740 ¹7·

2384 3549 2407 3567 i·
2415 3540 2472 3568 din.
2482 3546 2518 3571 ¹⁷·
