2666 4109
67 1902 91 1922 1·
110 1896 162 1929 dist.
179 1905 204 1929 3.
221 1905 245 1929 q.
257 1905 284 1922 ι.

63 1930 91 1962 §.
111 1930 150 1955 Ad
173 1932 280 1955 tertium

67 1965 156 2001 primae
166 1964 283 1993 quaessio-

646 161 866 231 Tamus
889 162 928 228 1.
946 159 1108 227 Pars
1124 160 1163 226 1.
1177 112 1446 254 Qaestio
1459 158 1619 228 XW.
1635 162 1777 228 Art.
1798 164 1855 226 Χ
1863 163 1923 228 11.

312 256 509 294 individuis
537 254 702 302 cujusque
727 255 850 302 speciei
876 252 1070 289 intellefffis
1099 281 1110 296 ‚
1142 255 1278 301 ieinper

309 308 378 342 alia
394 305 571 352 supersunt
584 303 831 350 intelligenda,
855 303 888 338 8(
902 303 1134 349 accipiendam
1167 315 1280 350 quan-

309 356 500 402 doquidem
513 364 559 389 ex
572 354 600 388 ie
617 353 695 401 ipsis
714 355 844 389 nullam
874 353 1086 399 cognoscant
1116 352 1275 388 intrinse-

309 417 388 440 cam
401 405 738 440 determinationem
752 404 795 438 ad
809 410 946 438 certum
960 412 1171 444 numerum;
1199 402 1276 437 sunt

310 466 398 500 ergo
412 453 590 488 infinitain
609 456 765 500 potentia
778 481 787 490 .
815 453 907 488 Sunt
922 451 1038 486 rursus
1070 451 1141 486 haec
1154 453 1274 485 omnia

312 503 392 539 aflu
420 504 560 549 cognita
585 502 775 539 intellectui
804 502 954 543 divino3
981 512 1071 547 ergo
1086 500 1189 536 Deus
1212 510 1274 533 co-

310 553 445 599 gnoscit
466 551 595 588 infinita
611 578 618 587 .
651 552 819 588 probatio
835 554 974 600 majoris
991 563 1000 584 τ
1030 549 1163 585 Omnia
1179 551 1275 585 acci-

310 607 345 650 pi
363 601 526 649 poffibilia
544 628 553 643 ,
576 614 641 637 non
660 601 795 649 possunt
809 601 873 637 effe
904 600 1043 647 prorsus
1057 598 1155 634 fimul
1172 610 1273 634 acce-

310 663 371 700 pta
384 679 393 694 ‚
419 655 502 699 quia
520 660 604 687 tunc
616 651 805 698 aliquando
822 664 887 686 non
902 649 1085 697 superesset
1101 648 1199 684 aliud
1217 660 1275 682 ac·

312 702 511 749 cipiendum
527 713 537 742 ς
552 713 640 746 ergo
654 701 676 735 fi
696 701 776 736 aeiu
793 700 891 735 fimul
905 700 980 735 sunt
995 701 1029 735 in
1045 700 1164 746 aliquo
1179 697 1245 733 effe
1262 723 1274 738 ‚

311 752 386 787 sunt
397 749 533 786 infinita
550 750 630 785 aelii
645 776 652 784 .
684 749 794 799 Qud
809 752 894 786 vero
907 754 1027 785 omnia
1040 748 1102 784 flnt
1119 747 1200 784 ae‘tu
1215 758 1276 781 co-

312 802 410 847 gnita
429 798 621 835 intelleRui
638 799 771 836 infinito
787 828 798 843 ‚
826 798 961 835 constat
981 810 1025 836 ex
1046 798 1275 841 distis-‚arti-

311 851 387 887 culo
403 863 432 897 ς.
446 850 485 890 δ’
498 851 529 884 6.
547 861 624 884 nam
641 850 917 897 unumquodque
933 849 1046 894 potest
1074 847 1274 896 producere

312 905 480 936 notitiam
493 899 540 934 sui
555 903 587 934 in
608 900 859 946 intelleetmqui
872 911 919 935 ex
934 899 963 935 le
980 899 1028 934 est
1041 901 1157 934 omnis
1175 895 1278 932 intel-

312 951 459 997 ligibilis
479 963 489 993 ς
508 948 775 995 intelligibilitas
795 959 912 985 autem
932 947 980 984 est
998 947 1226 996 perfeetionis
1244 949 1278 980 in

314 1002 454 1037 entibus
474 1012 483 1042 3
515 1001 588 1034 imo
602 1002 893 1046 proportionatur
909 1000 1049 1034 entitati
1067 994 1278 1050 uniuscujus-

314 1063 383 1097 que
401 1064 411 1092 ς
435 1061 524 1096 ergo
539 1049 609 1083 haec
627 1048 806 1092 distint‘sta,
827 1050 859 1084 8<
883 1049 994 1084 divisa
1021 1048 1191 1091 persefitio
1204 1050 1278 1081 inii-

316 1104 471 1137 nitorum
488 1099 762 1145 intelligibilium
776 1099 823 1134 est
837 1102 934 1134 unita
948 1125 958 1141 ‚
984 1098 1017 1133 8(
1029 1098 1126 1133 simul
1152 1102 1184 1132 in
1203 1094 1279 1130 infi-

316 1152 389 1186 nite
407 1148 587 1198 perfet‘t03
605 1153 712 1195 igitur
726 1149 824 1184 fimul
837 1151 953 1184 omnia
966 1149 1145 1194 cognoscit
1163 1174 1173 1188 ,
1194 1158 1280 1192 quo-

314 1213 393 1236 rum
410 1199 734 1244 intelligibilitatem
750 1204 905 1235 continet
920 1226 929 1241 ‚
948 1208 1052 1237 atoue
1069 1196 1216 1245 praesens
1234 1193 1283 1231 est

314 1250 421 1298 ipfius
447 1247 662 1285 intelleiffiii.
688 1248 850 1293 Deinde,
883 1248 1082 1284 intelleftus
1107 1275 1117 1291 ,
1150 1249 1208 1295 qui
1233 1244 1283 1280 est

314 1297 627 1348 comprehensivus
656 1301 820 1334 entitatis
833 1327 843 1342 ‚
876 1301 931 1335 vel
960 1298 1089 1345 objefti
1115 1295 1282 1334 intensive

314 1349 458 1392 infiniti,
477 1346 525 1383 est
551 1349 663 1384 multo
695 1353 809 1394 magis
837 1347 1146 1395 comprehenfivus
1178 1347 1285 1382 infini-

315 1404 404 1437 tatis
419 1396 609 1435 extenfivae
622 1425 632 1440 ‚
656 1400 874 1444 participatae
885 1398 931 1431 ab
948 1397 1122 1433 infinitate
1152 1394 1284 1433 intenfi-

316 1463 364 1487 va
382 1477 390 1486 .
422 1448 564 1485 Divina
578 1447 720 1483 essentia
737 1446 787 1483 est
803 1446 967 1483 intensive
985 1447 1118 1484 infinita
1145 1451 1176 1484 in
1190 1449 1279 1483 linea

315 1499 463 1541 essendi,
481 1498 515 1532 8(
527 1496 742 1533 εκεξὶίῐῖῑιηὲ
756 1498 931 1545 adequata
961 1498 1157 1535 intelleftui
1174 1497 1276 1534 infini-

315 1561 377 1593 τος
405 1561 494 1595 ergo
508 1548 620 1583 multo
638 1552 751 1593 magis
766 1548 846 1583 huic
859 1547 1053 1583 intelleftui
1068 1551 1133 1583 erit
1162 1553 1284 1596 cogni-

316 1610 394 1637 tum
411 1599 584 1633 infinitum
603 1596 812 1640 extenfive3
839 1597 935 1645 quod
961 1596 1011 1633 est
1036 1597 1219 1644 objeftum
1235 1598 1284 1634 le-

315 1649 525 1686 cundarium
539 1648 615 1694 ejus
629 1674 639 1689 ,
661 1648 844 1683 causatum
861 1659 923 1694 per
938 1648 1209 1694 intelligentiam
1223 1676 1234 1692 ‚
1263 1662 1283 1684 a

315 1711 384 1748 qua
398 1700 529 1745 accipit
543 1702 694 1743 primum
713 1698 779 1744 csse
791 1699 975 1743 cognitum
992 1698 1024 1732 8(
1042 1698 1197 1744 possibile
1211 1726 1222 1741 ,
1252 1700 1286 1735 &

316 1748 563 1795 intelligibile:
586 1758 627 1781 ac
640 1747 789 1794 proinde
804 1746 855 1782 est
868 1746 1040 1782 infinitum
1068 1750 1220 1795 quadam
1235 1753 1285 1786 in-

316 1800 452 1835 finitate
465 1798 677 1847 participata
691 1824 702 1839 ‚
723 1797 823 1846 cujus
837 1796 887 1835 est
900 1796 995 1845 quasi
1014 1800 1115 1834 causa
1132 1799 1286 1837 infinitas

315 1848 488 1886 intenfiva
503 1875 512 1884 .

370 1900 433 1935 Ao
448 1901 709 1934 ARGUMENTA
725 1924 734 1933 .
750 1897 809 1934 Ad
825 1902 978 1945 primum
997 1898 1184 1937 dicendum
1201 1903 1284 1939 Ari-

318 1947 505 1986 stotelieffe
533 1948 724 1983 sermonem
755 1949 798 1984 de
824 1948 960 1984 infinito
986 1954 1016 1985 in
1041 1955 1222 1996 porenti23
1247 1966 1285 1988 u-

321 1998 569 2047 numquodque
594 2000 685 2032 enim
701 1997 782 2032 ci'im
809 1997 849 2033 fit
878 2001 1135 2046 cognoscibile,
1158 2014 1286 2049 quate-

317 2061 381 2087 nus
397 2054 428 2085 in
443 2048 523 2084 ae‘tu
538 2075 548 2090 ‚
573 2058 677 2094 atque
692 2048 771 2094 ejus
784 2047 908 2083 infiniti
926 2050 1018 2085 ratio
1043 2053 1192 2098 postulet
1206 2081 1216 2095 ‚
1244 2064 1284 2090 ut

317 2099 582 2149 quibuscunque
597 2103 752 2142 acceptis
779 2099 911 2145 semper
925 2097 965 2132 fit
994 2100 1090 2136 aliud
1105 2131 1115 2146 ,
1140 2103 1173 2139 &
1187 2103 1285 2139 aliud

317 2148 563 2197 accipiendum
575 2175 586 2190 ‚
608 2145 799 2183 necessario
814 2148 862 2184 est
877 2153 1036 2193 ignotum
1051 2154 1287 2197 cognoscenti,

315 2198 428 2247 ipsum
440 2197 626 2232 secundum
638 2197 731 2232 hunc
742 2198 888 2233 modum
914 2210 925 2233 :
952 2209 987 2235 at
1005 2214 1072 2236 non
1097 2214 1285 2250 nropterea

318 2249 429 2285 latere
455 2247 560 2282 debet
583 2246 796 2282 intelleftum
820 2248 994 2284 infinitum
1009 2277 1020 2292 ‚
1044 2252 1197 2298 respefiu
1226 2266 1285 2289 cu-

308 2299 371 2347 jus
382 2299 590 2335 suntomnes
604 2306 723 2342 partes
740 2296 838 2333 simul
867 2300 1066 2344 accepiaein
1091 2303 1157 2350 ff
1181 2304 1285 2342 obie-

317 2350 418 2385 6ὶίνο
435 2375 445 2391 ,
468 2347 656 2392 &cognito
672 2359 681 2389 ς
699 2350 783 2394 quia
799 2346 897 2383 simul
909 2359 1121 2393 acceperunt
1135 2367 1199 2400 pe,-
1211 2354 1285 2390 equs

316 2402 564 2445 operationem
578 2400 733 2444 primum
765 2397 832 2443 effe
862 2395 1110 2446 intelligibile,
1135 2398 1231 2441 adeox
1246 2414 1285 2439 ut

316 2448 403 2483 nihil
425 2445 567 2495 supersit
593 2447 883 2492 intelligendum,
907 2447 962 2487 vel
987 2452 1082 2494 quod
1104 2453 1201 2494 possit
1230 2466 1286 2490 ac-

314 2501 435 2545 cipere
460 2497 527 2544 ff
556 2500 738 2542 cognitum
755 2524 766 2539 ,
795 2496 828 2531 8(
855 2508 921 2531 non
945 2507 1126 2545 acceperit
1151 2529 1160 2539 ,
1188 2504 1285 2539 Nam

315 2548 487 2596 quoniam
499 2558 542 2581 eo
553 2544 634 2581 astu
649 2545 824 2592 adequate
839 2548 1154 2588 comprehenditur
1179 2553 1300 2591 infimi--

314 2607 392 2634 tum
406 2594 599 2633 inteniive:
621 2599 651 2631 in
666 2594 762 2642 signo
773 2594 958 2642 posteriori·
970 2599 1165 2637 necessario
1188 2609 1286 2639 acci-

312 2649 366 2698 pit
377 2649 441 2695 esse
455 2646 675 2692 intelligibile
689 2645 860 2692 quidquid
875 2649 1049 2694 reperitur
1078 2652 1111 2686 in
1144 2657 1285 2691 viri-ute

312 2698 407 2734 illius
419 2696 547 2745 objefti
559 2695 723 2732 intensive
752 2694 898 2731 infiniti.
935 2697 980 2732 Et
992 2698 1120 2736 eadem
1147 2702 1195 2737 est
1229 2716 1285 2739 re.

313 2747 451 2797 sponsio
466 2747 510 2783 ad
523 2746 781 2783 auetoritatem
814 2757 860 2782 ex
884 2756 915 2780 2·
929 2748 1202 2797 Metus-hyficaeg
1232 2754 1285 2789 10.

313 2804 436 2846 quitur
446 2801 537 2833 enim
550 2796 593 2832 de
607 2797 745 2832 scientia
760 2794 917 2843 respeetu
947 2798 1142 2837 intelleetus
1171 2801 1259 2840 finiti
1275 2831 1286 2847 ‚

312 2847 409 2885 unde
423 2847 508 2884 dicit
521 2859 531 2881 :
551 2848 650 2884 Tunc
661 2848 756 2881 enim
754 2847 856 2892 scire
864 2855 1038 2894 putamus
1050 2877 1060 2892 ‚
1073 2851 1149 2886 citm
1163 2853 1286 2899 causas

315 2899 413 2947 ipsas
428 2895 837 2942 noverimuanfinitum
851 2899 936 2933 vero*
951 2909 1017 2933 non
1034 2900 1284 2948 estpertrarfi-

315 2960 356 2984 re
367 2948 522 2994 infinito
530 2946 739 2996 tempore.Si
760 2950 872 2993 igitur
884 2959 946 2994 per
959 2950 1162 2996 impossibile
1175 2953 1285 2989 causae

315 2997 428 3034 forent
447 2997 611 3040 infinitae,
644 2996 803 3046 profeeffi
819 3009 887 3033 non
914 3002 1032 3034 minus
1051 3010 1141 3036 notae
1173 3001 1285 3038 essent

317 3046 507 3084 intellefitui
549 3046 681 3084 infinito
695 3074 705 3090 ‚
731 3046 830 3082 sicuti
857 3047 891 3082 &
914 3050 1186 3098 comprehendit
1219 3065 1284 3089 nu.

316 3108 435 3134 meros
445 3096 602 3132 infinitos
617 3123 627 3133 .

373 3147 430 3183 Ad
447 3147 644 3182 Secundum
664 3156 761 3193 patet
774 3148 899 3184 solutio
911 3159 958 3184 ex
975 3152 1040 3194 iis,
1060 3164 1137 3199 quae
1150 3151 1283 3188 ibidem

317 3197 459 3244 subjicit
477 3195 712 3242 Augustinus,
727 3199 868 3240 dicens,
888 3200 1084 3246 perfeft'io,
1118 3202 1157 3243 (β’
1172 3206 1284 3239 onmis

317 3247 481 3294 infinitas
494 3271 507 3288 2
521 3247 668 3294 quodam
680 3247 865 3296 ineffabili
878 3250 975 3286 modo
992 3251 1189 3298 Deofinitu
1203 3253 1252 3302 est
1266 3280 1278 3297 ,

418 3850 547 3887 Tonas
562 3848 597 3885 t.

2230 167 2316 247 87

1344 255 1433 300 quia
1451 252 1619 298 fi‘ientiae
1641 251 1746 299 zplz'm
1770 251 2128 303 incomprehexisi'lu'lis
2160 264 2228 287 ποι*
2255 252 2311 298 est.

1345 302 1472 350 Qare
1486 301 1637 337 infinitas
1651 313 1876 339 numerorum
1893 302 2051 350 respestu
2065 303 2215 339 scientiae
2234 302 2311 338 Dei

1342 363 1410 387 non
1426 351 1539 398 potest
1553 349 1618 385 effe
1633 351 1771 387 infinita
1785 380 1793 389 .
1822 353 1868 389 Et
1882 352 2066 389 secundum
2085 354 2150 388 hoc
2164 350 2211 386 cst
2229 363 2310 386 con-

1341 401 1497 436 cedenda
1511 402 1624 446 prima
1638 400 1828 446 responsio,
1852 404 1936 449 quia
1964 401 2066 436 ficuti
2097 405 2232 437 numeri
2257 404 2308 435 in'-

1343 448 1433 486 finiti
1447 450 1589 484 scientia
1606 449 1679 485 Dei
1694 451 2041 497 comprehenduntur
2053 478 2062 493 ,
2084 453 2133 485 ita
2149 449 2308 497 respe5tu

1338 500 1414 547 ejus
1427 498 1621 540 finiuntur,
1651 510 1718 534 non
1732 502 1892 536 tamenin
1910 501 1940 535 se
1955 500 2035 546 ipsis
2049 527 2057 535 .
2088 499 2233 535 Etcum
2252 511 2310 535 ar-

1340 550 1600 595 guiturcontra
1617 575 1627 590 ‚
1651 553 1735 596 quia
1746 554 1881 585 numeri
1894 549 2001 585 essent
2013 561 2152 596 quoque
2168 547 2254 584 finiti
2272 552 2305 583 in

1340 599 1396 640 se,
1423 596 1446 632 fi
1463 596 1643 634 finirentur
1674 599 1817 634 scientia
1849 599 1920 634 Dei
1947 599 2279 646 comprehendentis
2296 624 2305 633 .

1340 647 1570 690 Dicendum,
1591 659 1760 684 numeros
1785 647 1940 683 infinitos
1968 648 2126 694 respeftu
2158 649 2307 690 scientiae

1340 697 1412 733 Dei
1432 707 1500 732 non
1515 696 1815 743 finirifimpliciter
1829 712 1839 741 ς
1855 697 1908 732 sed
1924 697 2099 733 duntaxat
2116 698 2307 734 secundum

1341 748 1520 794 quandam
1539 752 1804 794 proportionem
1821 774 1831 790 ,
1855 757 2029 795 quatenus
2048 746 2180 783 infinita
2197 748 2227 782 se
2245 749 2310 783 ha-

1344 797 1430 834 bent
1445 798 1489 833 ad
1504 796 1934 838 inteIIQGtuminfinitum,
1965 795 2053 831 sicut
2080 796 2182 832 finita
2217 798 2261 833 ad
2276 796 2313 832 fi-

1343 851 1457 883 nitum
1472 874 1481 883 .
1512 846 1620 883 Unde
1636 851 1719 895 quia
1736 845 1893 883 infinitas
1912 858 2142 882 numerorum
2160 858 2227 881 non
2248 858 2311 884 ex-

1346 897 1440 932 cedit
1463 898 1637 933 scientiam
1666 897 1760 941 Dei,
1784 900 1815 931 in
1830 896 1953 932 ordine
1976 897 2019 932 ad
2042 896 2221 934 illarutale
2237 895 2313 933 infi-

1344 949 1458 982 nitum
1477 946 1588 983 habet
1601 947 1748 983 modurn
1763 946 1877 990 finiti,
1902 949 2068 995 quamvis
2086 945 2286 994 simpliciter
2301 973 2312 988 ,

1346 996 1380 1031 8(
1404 999 1437 1032 in
1462 996 1517 1039 se,
1541 996 1574 1031 8(
1598 1007 1637 1033 ut
1658 997 1836 1045 objeetum
1860 996 2057 1033 intelleftus
2085 997 2222 1038 divini,
2246 996 2311 1032 sint

1348 1050 1484 1082 numeri
1502 1055 1625 1082 omnes
1642 1049 1724 1082 vere
1741 1047 1864 1083 infiniti
1894 1076 1902 1083 .
1923 1048 1978 1084 Ac
1992 1048 2114 1083 eadem
2143 1045 2193 1082 est
2218 1051 2312 1081 ratio

1349 1094 1391 1130 de
1406 1096 1548 1131 essentia
1574 1095 1743 1133 intensive
1777 1096 1932 1140 infinita,
1953 1107 2128 1145 quatenus
2157 1101 2318 1142 compre—

1350 1145 1517 1181 henditur
1540 1145 1583 1181 ab
1596 1147 1772 1183 intelleftu
1786 1145 1943 1183 infinito:
1966 1159 2007 1183 ut
2035 1147 2134 1195 supra
2160 1146 2315 1182 articulo

1353 1207 1382 1243 3.
1402 1194 1538 1230 dietum
1553 1194 1602 1231 est
1617 1223 1626 1232 .

1400 1245 1462 1282 Ad
1488 1244 1657 1281 Tertium
1687 1247 1904 1295 respondeo,
1928 1245 2140 1293 assumptum
2172 1259 2238 1284 uon
2253 1245 2319 1283 effe

1353 1297 1480 1332 verum
1494 1295 1575 1330 cum
1589 1295 1722 1333 infinita
1747 1298 1820 1334 sunt
1837 1298 2010 1337 alterius,
2035 1298 2069 1332 8(
2086 1298 2236 1332 alterius
2261 1309 2319 1331 ra·

1349 1349 1463 1382 tionis
1479 1339 1550 1389 ,ut
1566 1349 1596 1381 in
1611 1347 1690 1381 casu
1704 1374 1712 1382 .
1741 1345 1956 1395 Exemplum
1976 1345 2020 1382 :fi
2040 1347 2237 1393 superficies
2252 1374 2261 1389 ‚
2284 1348 2318 1381 8(

1350 1398 1445 1432 linea
1459 1395 1728 1432 forentinfinitae
1740 1423 1750 1438 ,
1774 1402 1857 1446 quia
1872 1399 2017 1432 diverfae
2031 1401 2202 1440 rationis,
2225 1399 2320 1434 linea.

1350 1446 1582 1482 excederetur
1596 1445 1615 1483 ὲ
1634 1446 1811 1496 superficie
1826 1452 1857 1483 in
1872 1446 2042 1484 infinitum
2070 1475 2078 1483 .
2108 1447 2161 1482 Ita
2180 1449 2213 1483 in
2232 1459 2319 1494 pro—

1351 1495 1485 1545 posito,
1515 1493 1675 1532 Effentiae
1708 1496 1835 1535 divinae
1863 1496 2033 1534 intensiva
2073 1496 2226 1533 infinitas
2270 1498 2322 1535 est

1351 1545 1533 1593 objec‘tum
1560 1545 1763 1591 fruitionis,
1788 1549 1820 1584 8(
1837 1549 1961 1584 ultima
1981 1547 2086 1595 qiiies
2113 1559 2246 1585 naturae
2271 1552 2321 1584 in-

1351 1595 1589 1633 tellefilualis:
1612 1597 1660 1633 est
1683 1602 1774 1633 enim
1802 1601 1915 1648 prima
1942 1600 2098 1634 infinitas
2114 1626 2124 1641 ‚
2163 1603 2322 1646 imparti-

1350 1650 1497 1692 cipata,
1522 1647 1666 1690 &fons‚
1692 1657 1796 1693 atque
1824 1652 1929 1695 origo
1955 1655 2070 1685 omnis
2108 1649 2190 1684 boni
2218 1662 2228 1684 ε
2268 1651 2321 1688 At

1351 1696 1502 1732 aliorum
1515 1699 1995 1746 qiiorumcunqueinfinitaS‚
2017 1705 2185 1748 quoniam
2212 1702 2258 1737 ab
2281 1713 2321 1737 a·

1350 1748 1397 1782 lia
1417 1750 1630 1796 participata
1643 1775 1654 1790 ‚
1676 1747 1708 1782 8(
1724 1749 1780 1784 suo
1791 1749 1899 1784 modo
1913 1751 2052 1787 causata
2064 1775 2076 1792 ‚
2105 1749 2154 1786 est
2170 1750 2325 1789 infinitas

1352 1796 1539 1832 secundum
1552 1799 1638 1844 quid
1652 1826 1663 1841 ‚
1685 1808 1791 1846 atque
1805 1800 1848 1834 ab
1864 1800 1932 1835 alia
1960 1799 2180 1841 infinitate,in
2208 1801 2322 1838 infini-

1352 1854 1429 1882 tum
1440 1846 1628 1884 deficiens:
1643 1861 1708 1884 nec
1719 1860 1917 1897 propterea
1930 1860 2062 1887 naturae
2073 1851 2323 1888 intellefkualis

1350 1901 1547 1944 quietativa
1567 1925 1577 1935 .

1407 1947 1464 1983 Ad
1485 1957 1654 1995 quartum
1670 1978 1680 1994 ,
1708 1950 1805 1999 supra
1820 1978 1830 1994 ‚
1855 1966 1887 2002 q.
1902 1964 1933 1997 7.
1948 1962 2019 1989 art.
2029 1966 2062 2000 4.
2080 1951 2109 2001 ξ
2125 1954 2323 2002 Adfectan-

1350 1998 1435 2033 dum
1452 2010 1516 2044 pro
1531 1998 1635 2044 hujus
1653 2006 1851 2047 argumenti
1883 2002 2054 2040 solutione
2070 2004 2169 2050 plura
2194 2012 2226 2040 in
2244 2017 2320 2041 me·

1351 2048 1447 2083 dium
1462 2047 1615 2086 adduaa
1646 2049 1748 2088 fuere
1765 2079 1775 2095 ‚
1798 2052 1853 2087 hic
1877 2065 1944 2088 non
1970 2054 2159 2103 repetenda
2181 2057 2191 2092 .'
2218 2055 2320 2092 Satis

1351 2102 1418 2134 erit
1434 2097 1596 2134 breviter
1616 2100 1761 2143 dixisse,
1786 2102 1892 2148 longe
1921 2103 2025 2139 alian-i
2052 2103 2115 2139 effe
2144 2109 2321 2141 rationem

1350 2157 1599 2185 creaturarum
1614 2177 1623 2193 ,
1655 2152 1712 2186 vel
1736 2152 2029 2199 intelligibilium,
2050 2163 2224 2201 quatenus
2244 2157 2322 2190 sunt

1349 2197 1752 2244 objeffiimintelleaus
1765 2201 1899 2245 divini,
1925 2203 1956 2238 8(
1983 2213 2087 2246 prout
2109 2215 2323 2251 comparan-

1351 2259 1410 2284 tur
1425 2247 1470 2283 ad
1484 2248 1794 2297 Omnipotentiam
1806 2279 1816 2294 ‚
1841 2254 1896 2287 vel
1911 2253 2135 2288 voluntatem
2148 2254 2321 2289 infinitam

1350 2299 1433 2334 cum
1443 2298 1570 2335 ordine
1587 2300 1631 2335 ad
1645 2302 1774 2337 realem
1788 2301 2029 2337 existentiam.
2064 2300 2160 2336 Nam
2176 2313 2320 2339 contra-

1352 2353 1404 2383 ria
1419 2348 1516 2384 fimul
1547 2349 1620 2386 sunt
1651 2353 1682 2384 in
1706 2351 1886 2387 intellec‘tu
1903 2379 1913 2394 ‚
1936 2363 2003 2387 non
2028 2361 2143 2387 tamen
2172 2354 2190 2388 ii
2217 2364 2320 2398 parte

1350 2401 1422 2440 rei,
1439 2398 1473 2432 8(
1500 2408 1644 2447 tempus
1667 2412 1773 2436 omne
1797 2428 1807 2443 ‚
1845 2402 1878 2436 8(
1906 2412 2025 2437 motus
2052 2404 2168 2437 omnis
2195 2402 2319 2447 simul,

1351 2452 1526 2495 unicoque
1550 2450 1680 2484 intuitu
1708 2450 1726 2486 ii
1759 2450 1842 2487 Deo
1874 2451 2039 2487 videntur
2061 2479 2071 2495 ‚
2106 2464 2170 2487 nec
2201 2463 2320 2490 tamen

1352 2497 1427 2533 sieri
1442 2498 1577 2546 potest,
1603 2507 1643 2533 ut
1657 2501 1800 2545 perinde
1830 2501 2070 2546 producantur
2086 2503 2117 2536 in
2133 2502 2199 2548 eſj'e
2213 2504 2320 2540 realis

1352 2547 1545 2584 existentia:
1572 2576 1581 2584 .
1607 2546 1666 2582 Ex
1678 2560 1749 2595 quo
1766 2549 1971 2586 evidensest
1988 2580 1997 2594 ‚
2022 2563 2088 2587 non
2113 2553 2240 2588 eadem
2270 2555 2319 2588 in-

1351 2600 1599 2635 convenientia
1610 2599 1769 2646 consequi
1795 2602 1860 2647 este
1884 2605 2066 2646 cognitum
2096 2603 2319 2648 intelleehis,

1350 2648 1385 2683 8(
1399 2648 1465 2694 effe
1479 2647 1569 2684 reale
1585 2649 2006 2696 potentiaeproduftivae:
2029 2663 2069 2686 ac
2084 2655 2226 2699 proinde
2242 2655 2319 2690 nul-

1351 2698 1418 2733 lam
1432 2697 1498 2733 esse
1515 2698 1604 2733 hanc
1616 2699 1903 2745 consequentiam
1918 2728 1925 2735 .
1936 2701 2126 2745 Infinitum
2140 2715 2319 2752 repugnat

1351 2748 1372 2783 ὰ
1387 2758 1495 2795 parte
1513 2751 1583 2790 γεῖς
1601 2759 1684 2793 ergo
1695 2748 1734 2789 ἐς
1751 2752 1790 2783 1⁴7:
1806 2751 1990 2786 imelleffu
2003 2754 2318 2800 cotmprfhendente

1351 2801 1470 2833 oma’t‘a
1492 2824 1500 2833 .
1534 2797 1686 2833 Accedit
1704 2825 1714 2840 ,
1733 2801 1824 2845 quod
1838 2801 2023 2849 suppositio
2038 2804 2091 2838 iili
2105 2805 2147 2838 de
2163 2804 2317 2840 ablatio·
2358 2820 2517 2855 Q-..ffistibffi

1351 2860 1394 2885 ne
1406 2852 1516 2895 pai-tis
1542 2848 1585 2883 ab
1610 2846 1767 2892 infinito,
1788 2863 1854 2885 non
1884 2851 2050 2887 videatur
2074 2854 2315 2892 admittenda.

1352 2896 1527 2933 Infinitum
1539 2902 1630 2933 enim
1644 2897 1691 2933 est
1709 2911 1809 2935 enta
1824 2902 1918 2947 quod
1933 2901 2017 2937 nihil
2030 2902 2079 2939 est
2104 2915 2112 2937 :
2143 2916 2184 2940 ac
2207 2905 2315 2941 subin.

1347 2947 1391 2983 'de
1419 2958 1561 2990 oportet
1589 2947 1654 2985 eis-e
1679 2959 1790 2984 totuin
1809 2981 1816 2993 ,
1838 2952 1871 2985 ἃ
1896 2951 2091 2998 perseftum
2129 2965 2138 2986 :
2176 2956 2316 3001 praecisa

1348 2998 1541 3034 autem‘ab
1570 2998 1745 3035 infinitati.a
1775 3001 2048 3047 intelligibilium
2064 3030 2074 3045 ‚
2101 3003 2153 3038 vel
2167 3006 2314 3042 minima

1348 3057 1453 3094 parte
1466 3075 1476 3090 ,
1502 3047 1599 3095 quod
1617 3049 1763 3093 stipes-est
1776 3062 1842 3085 non
1869 3051 1916 3087 est
1932 3053 2084 3098 amplius
2109 3053 2311 3092 infinitum:

1346 3101 1428 3146 quia
1445 3108 1547 3134 extra
1563 3098 1609 3134 est
1621 3099 1755 3145 aliquid
1767 3102 1882 3147 ,quod
1901 3101 1945 3135 illi
1961 3103 2128 3143 addatur,
2155 3116 2217 3140 nec
2229 3117 2312 3142 con-

1345 3148 1600 3194 sequentererit
1618 3159 1753 3192 totum,
1777 3151 1810 3185 8<
1826 3150 2017 3198 perfeflzum
2048 3179 2055 3187 .
2084 3153 2154 3188 Sed
2172 3156 2311 3192 videbis

1343 3201 1498 3234 cirinum
1514 3199 1708 3235 articulum
1721 3212 1754 3246 4.
1772 3200 1812 3243 &⁹
1823 3202 2017 3238 articulum
2039 3207 2201 3250 primum
2215 3208 2310 3256 q‘xs-

1345 3249 1424 3284 dem
1437 3249 1634 3299 quaestt'om's
1647 3262 1679 3297 7.

1590 3850 1728 3898 Aae
2171 3859 2271 3898 ΑΒ(
