2600 4142
63 664 92 697 S.
107 663 262 693 Titum-hic

63 701 237 746 insolutum?
251 720 260 737 .-

64 1235 260 1277 Heiniuqimd?

63 1277 113 1306 lib.
133 1289 162 1311 9.
185 1288 213 1317 q.
232 1290 259 1314 ¹?

60 1316 135 1351 &3-

108 2247 139 2275 S.
161 2244 253 2279 Bonas

56 2294 134 2319 vent.
153 2295 178 2313 ι-
190 2284 249 2320 dist}

56 2329 108 2360 255.
122 2330 193 2365 q03.

109 2753 252 2788 Videndus

54 2792 205 2826 Duraiidus

59 2831 207 2868 1.di'sl.9.q.
225 2840 252 2857 ι.

56 2878 141 2906 agens
183 2879 253 2897 con-

59 2916 102 2935 tra
136 2908 252 2944 politio-

56 2949 122 2973 nem
184 2947 253 2974 hane

55 2986 87 3012 S.
111 2984 252 3017 Thomae.

54 3023 135 3057 Juxta
168 3023 252 3053 Caie—

56 3063 114 3089 tani
143 3060 252 3097 expoli—

55 3100 165 3127 tionem
198 3099 254 3127 *sii-

57 3147 105 3176 per
141 3145 199 3165 art.
225 3144 253 3170 ς.

57 3185 86 3212 9*
108 3185 154 3210 42·
171 3185 200 3213 P·
223 3185 253 3211 Ρ·

58 3223 114 3240 non
187 3215 254 3247 eilet

57 3261 225 3280 controver-

57 3290 94 3318 fia
119 3290 191 3318 inter
224 3290 254 3317 S.

56 3327 254 3360 Thomaim&

57 3366 172 3394 Scotum
192 3376 253 3396 in.„,

57 3403 113 3432 hot:
126 3405 228 3442 punitio
243 3422 254 3438 ‚

58 3443 124 3484 quia
163 3452 252 3480 expo-

58 3483 124 3508 iitor
143 3481 190 3513 ilse
203 3490 253 3516 pu·

57 3525 99 3547 tsslt
118 3537 128 3554 9
150 3521 178 3552 Sp
193 3520 255 3546 DO-

59 3557 164 3585 &orem
197 3566 253 3592 non

61 3596 217 3632 intelligere

60 3636 94 3662 de
118 3634 255 3661 relatione

62 3673 88 3700 in
122 3676 150 3700 le
172 3691 180 3704 ,
211 3670 255 3706 [eu

61 3720 95 3738 ex
125 3719 256 3738 natur-³⁴

62 3747 158 3779 reustd
170 3751 259 3774 lecun.

63 3786 130 3815 dim
166 3785 258 3823 aliqu}

303 193 380 304 fir.
414 272 463 304 At
484 261 761 299 communiorem
776 259 978 295 sententiam
1007 262 1258 306 amplectentes

302 314 435 364 (quam
453 314 486 348 8<
498 314 551 348 liic
565 309 877 359 supponimus)qu0
894 310 922 344 se
933 310 1143 355 expedirent
1158 308 1175 344 a
1190 309 1255 342 dif-

302 365 516 401 ficultatibus
540 369 830 407 argumentorum
849 360 945 397 varie
958 364 1070 397 conati
1105 359 1175 395 sunt
1193 359 1254 394 de-

302 415 455 456 clarare,
485 423 554 458 qua
573 412 709 451 ratione
732 409 876 455 intelligi
891 413 1158 454 queat‚primam
1173 420 1255 454 per-

301 461 415 499 sonam
433 463 489 502 sua
505 460 643 496 αξὶίοηε
661 459 828 497 notionali
842 485 853 500 ‚
865 469 942 504 quae
954 457 1000 493 est
1014 457 1132 493 aftiva
1147 469 1255 502 gene-

300 512 446 555 ratio‚&
460 514 650 557 paternitas
663 535 672 549 ‚
686 509 740 543 seu
758 509 863 544 realis
876 507 999 542 relatio
1013 510 1254 553 paternitatis,

299 561 344 596 fic
359 560 519 601 constitui
537 559 602 605 effi?
628 558 795 605 personali
813 582 823 598 ‚
851 554 956 603 utipfi
972 556 1067 593 astui
1082 568 1253 602 generan-

297 612 331 651 di
364 612 453 646 nulla
486 609 774 655 praeintelligatur
811 607 999 653 personalis
1030 606 1251 652 proprietas,

301 663 421 708 Aliqui
439 664 549 705 igitur
572 669 646 697 rem
660 657 757 697 istam
774 659 822 696 ita
853 655 1097 694 declarandam
1113 664 1250 700 putant.

299 711 446 746 Relatio
461 706 626 742 bifariam
639 704 845 741 considerari
861 704 975 751 potest
993 731 1004 746 ‚
1031 705 1062 739 8<
1081 714 1118 740 ut
1136 704 1250 740 forma

297 758 533 809 hypostatica,
545 756 613 794 sive
629 758 841 803 proprietas,
858 756 890 790 ἃ
906 763 946 787 ut
964 755 1100 790 relatio.
1115 753 1253 802 Qate-

295 821 361 848 nus
394 811 593 855 proprietas
616 808 876 851 generationem
904 803 1096 849 praecedere
1126 804 1254 838 intelli-

295 865 411 906 gitur:
441 857 582 899 Relatio
598 860 688 891 enim
705 859 906 899 inquantum
921 851 1110 900 hujusmodi
1125 852 1251 892 funda-

294 921 352 945 tur
375 908 473 954 super
488 905 604 947 abtum
617 932 627 949 ‚
639 916 741 952 quem
754 913 867 939 tamen
881 902 1039 947 sequitur
1056 927 1066 942 ‚
1078 910 1114 936 ut
1127 902 1185 943 sub
1199 914 1251 938 re-

295 961 438 996 lationis
453 965 623 1001 conceptu
639 953 827 999 cogitatur.
842 952 924 994 Non
942 951 989 986 est
1004 953 1114 999 igitur
1128 956 1252 986 incon-

296 1013 453 1047 veniens,
467 1004 607 1040 Patrem
623 1004 678 1038 sua
692 1002 830 1038 aftione
849 1000 1058 1048 produftiva
1075 1001 1251 1036 constitui:

294 1054 574 1105 quandoquidem
591 1053 656 1088 hac
669 1052 734 1098 ipsa
748 1079 757 1094 ‚
774 1064 842 1086 non
860 1062 929 1097 qua
944 1051 1066 1085 relatio
1080 1049 1249 1092 estfubfi-

294 1109 379 1149 flere
395 1106 537 1141 dicatur
555 1129 566 1145 ,
595 1101 647 1137 sed
663 1101 768 1137 solum
785 1111 889 1148 prout
919 1099 1156 1146 apprenditur
1183 1099 1249 1137 esse

291 1159 369 1201 eius
383 1155 533 1201 personae
548 1156 744 1198 proprietas
758 1176 768 1192 ‚
786 1154 859 1187 vim
874 1149 1000 1193 habeat
1017 1148 1249 1192 constituendi

294 1199 474 1243 subsistens
487 1201 835 1236 incommunicabile.

345 1254 501 1304 Qidam
517 1263 602 1287 vero
616 1262 679 1297 pro
698 1249 917 1284 difficultatis
938 1248 1114 1299 propoiite
1129 1251 1248 1288 dec1a÷

292 1310 432 1342 ratione
464 1303 554 1336 hunc
580 1299 720 1340 dicendi
760 1299 899 1334 modurn
927 1301 1223 1346 excogitaverunt
1236 1327 1247 1340 .

293 1346 477 1404 Qamvis
506 1352 630 1388 relatio
649 1351 796 1394 originis
814 1361 882 1384 una
899 1350 1042 1386 realiter
1053 1348 1094 1383 sit
1107 1376 1116 1391 ‚
1128 1351 1249 1386 nihilo-

292 1412 405 1443 minus
421 1428 432 1445 ‚
458 1410 498 1436 ut
523 1399 570 1436 est
593 1397 764 1437 habitudo
777 1401 895 1445 prirnae
913 1400 1060 1444 personae
1075 1399 1114 1434 ad
1129 1400 1246 1435 secun.

290 1455 371 1494 dam
386 1481 396 1498 ,
420 1455 552 1487 ratione
567 1449 794 1494 distinguitur
810 1474 817 1482 .
847 1447 960 1482 Potest
977 1453 1068 1485 enim
1098 1450 1245 1494 intelligi

290 1506 348 1540 sub
370 1506 506 1539 ratione
523 1497 731 1547 aptitudinis
745 1497 788 1533 ad
800 1498 1123 1544 generandum‚qua
1138 1502 1170 1534 in
1189 1509 1246 1533 ac-

290 1558 450 1600 ceptione
469 1555 605 1585 nomine
617 1549 828 1593 generati-vi
844 1550 1070 1592 exprimitur5
1086 1548 1141 1581 Ut
1161 1558 1245 1583 vero

288 1605 489 1649 conciptur
520 1594 731 1644 suppolitum
741 1604 864 1641 potens
874 1605 1049 1639 generare
1062 1594 1122 1634 sub
1134 1595 1246 1630 ratio—

290 1667 333 1689 ne
349 1654 511 1701 potentiae
523 1644 802 1693 apprehenditur
816 1670 824 1685 ‚
843 1643 912 1678 Sed
927 1647 1140 1691 concipienti
1169 1644 1245 1689 sup-

288 1702 435 1751 positum
456 1706 632 1744 generans
647 1695 816 1729 obiicitur
832 1692 955 1730 eadem
970 1703 1008 1729 ut
1023 1692 1134 1729 aetus.
1147 1692 1243 1733 Cum

285 1753 436 1798 denique
454 1747 679 1793 intelligimus
693 1741 898 1790 suppositum
913 1771 923 1786 ,
946 1752 986 1782 ut
1002 1742 1244 1787 habensgeni-

287 1813 362 1839 tum
382 1796 578 1835 coexistens
594 1821 605 1837 ‚
617 1797 755 1829 nomine
772 1794 894 1829 Patris
905 1791 1118 1840 significatur
1130 1818 1140 1834 ‚
1157 1793 1244 1826 Haec

289 1855 396 1898 igitur
420 1848 545 1883 relatio
561 1845 676 1891 primae
688 1844 837 1888 personae
851 1841 894 1876 ad
910 1839 1122 1885 secundum,
1137 1850 1244 1887 penes

289 1913 366 1936 eam
387 1901 556 1933 rationem
571 1891 763 1934 constituat
781 1888 1244 1937 oportet‚secundumquam

288 1952 351 1986 dat
367 1952 430 1996 esse
453 1943 622 1992 personale
636 1969 644 1978 .
670 1940 709 1982 Id
725 1948 846 1975 autern
859 1942 922 1987 esse
934 1952 999 1979 non
1012 1939 1138 1975 tribuit
1151 1965 1161 1982 ‚
1178 1936 1239 1979 nisi

281 2001 388 2049 juxta
416 2000 565 2043 primam
588 1994 850 2036 acceptionem
867 1990 1069 2038 Sequentes
1083 1992 1176 2023 enim
1191 1991 1242 2023 vi-

290 2052 417 2085 dentur
434 2043 584 2079 attribui
607 2041 736 2076 debere
755 2037 904 2086 personae
920 2040 995 2087 jam
1023 2036 1241 2074 constitutae.

290 2100 399 2135 Prout
416 2098 520 2140 igitur
548 2103 589 2130 ea
603 2092 724 2127 relatio
741 2088 850 2124 subest
863 2091 1045 2136 conceptui
1059 2089 1243 2135 generati-

285 2153 328 2186 vi
342 2147 390 2184 est
408 2149 514 2194 prime=
541 2142 690 2188 personae
703 2137 933 2180 constitutiva
947 2164 956 2173 .
969 2139 1089 2185 Atque
1104 2137 1168 2172 hac
1179 2135 1242 2172 do·

288 2199 401 2234 &sina
431 2192 482 2228 isti
512 2190 665 2232 satisfieri
690 2197 814 2236 putant
849 2188 989 2237 inducte
1018 2187 1240 2225 difficultati.

287 2235 384 2284 Aliis
420 2244 563 2287 denique
588 2240 728 2277 videtur
763 2240 811 2274 ita
842 2237 1122 2285 distinguendum
1151 2235 1216 2271 effe
1230 2262 1241 2272 .

289 2298 384 2334 Nam
405 2293 532 2328 relatio
550 2291 620 2326 haec
633 2292 767 2335 concipi
784 2289 896 2337 potest
914 2316 924 2332 ,
941 2297 980 2323 ut
997 2288 1119 2324 relatio
1135 2285 1197 2328 est,
1209 2285 1243 2328 &

290 2336 327 2382 ut
342 2341 687 2390 origoArbitrantur
700 2339 1041 2384 itaque‚relationem
1059 2336 1243 2372 constitue-

289 2410 325 2433 re
341 2394 516 2443 personam
531 2391 679 2436 primam
691 2389 823 2435 praecise
834 2401 1006 2439 quatenus
1017 2390 1148 2433 origo:
1172 2398 1241 2423 non

291 2458 378 2483 vero
392 2451 429 2478 ut
445 2442 566 2475 relatio
584 2453 594 2482 ;
621 2442 711 2473 ratio
727 2439 820 2476 enim
833 2443 982 2485 originis
1000 2438 1120 2483 aliquo
1136 2435 1240 2473 modo

289 2492 497 2544 praecedit‚&
513 2494 543 2524 in
558 2502 599 2524 ea
619 2488 713 2533 quafi
724 2488 891 2529 fundatur
906 2489 1030 2524 relatio
1043 2514 1052 2522 .
1067 2486 1160 2521 Cum
1175 2489 1243 2531 igi·

289 2555 348 2580 tur
374 2543 483 2589 prima
511 2539 649 2584 persona
679 2549 738 2583 per
757 2542 905 2584 primam
924 2537 1157 2575 constituatur
1173 2537 1243 2570 ori-

290 2599 408 2640 ginem
424 2619 433 2633 ‚
449 2592 489 2625 de
504 2588 594 2623 facili
609 2587 836 2634 intelligimus
852 2616 862 2631 ‚
877 2588 976 2624 aetus
990 2586 1188 2622 notionales
1201 2585 1244 2629 de

292 2642 371 2691 ¹ipsis
392 2641 542 2687 personis
561 2638 746 2683 procedere
756 2638 829 2683 jam
848 2638 1046 2673 constitutis
1061 2662 1070 2669 .

343 2692 472 2727 Nullus
497 2699 541 2722 ex
558 2688 611 2721 his
634 2686 770 2722 dicendi
791 2689 906 2723 modis
920 2688 1020 2723 nobis
1045 2685 1247 2734 probandus

291 2743 436 2779 videtur
454 2753 461 2774 :
482 2738 689 2785 Quaproter
707 2749 825 2774 contra
846 2738 935 2773 duos
962 2741 1096 2784 priores
1110 2737 1249 2784 conjun-

292 2792 377 2827 &tim
394 2790 567 2835 arguitur3
582 2786 612 2819 8(
627 2787 749 2822 deinde
764 2798 884 2823 contra
902 2798 1171 2833 unumquenque
1185 2787 1248 2821 {in-

291 2843 462 2888 gillatiin.
484 2837 579 2871 Nam
596 2836 718 2871 relatio
737 2849 802 2872 non
821 2836 1008 2872 constituit
1035 2837 1218 2883 personam
1235 2863 1246 2878 ,

292 2891 351 2934 pisi
379 2887 559 2924 secundum
575 2885 671 2931 quod
687 2886 735 2926 est
750 2892 779 2921 in
796 2888 876 2929 re‚&
893 2899 938 2922 ex
952 2897 1074 2922 natura
1093 2888 1248 2929 rei3ali02-

291 2946 375 2989 quin
396 2951 461 2973 non
475 2934 696 2972 constitueret
712 2938 887 2983 personam
902 2936 1027 2972 realem
1044 2962 1052 2970 .
1072 2934 1138 2970 Ista
1158 2937 1249 2971 rela-

290 2999 362 3033 tio,
375 3000 449 3036 qiiae
464 2989 572 3034 prime
587 2986 736 3032 persona:
755 2986 816 3020 dat
832 2989 894 3034 esJe
910 2987 1100 3034 personale,
1115 2998 1182 3020 non
1201 2986 1248 3022 est

292 3047 324 3077 in
342 3052 375 3073 re
391 3050 434 3073 ex
452 3047 576 3071 natura
591 3040 654 3077 rei,
673 3036 727 3070 nili
746 3037 803 3070 sub
819 3038 951 3072 ratione
966 3034 1188 3071 aftiialisfima
1206 3036 1247 3071 i‘i-

293 3093 326 3130 bi
347 3087 493 3134 poffibili
511 3097 622 3131 3crgo
635 3084 692 3120 ets:
706 3086 830 3132 poffint
846 3090 877 3121 in
896 3099 934 3121 ea
948 3098 1006 3134 per
1027 3085 1245 3120 intellestum

292 3139 454 3182 distingui
479 3144 671 3179 conceptus
685 3161 695 3176 ‚
723 3137 778 3170 vel
805 3138 960 3171 rationes
985 3135 1244 3180 conceptibiles

294 3188 522 3238 proprietatis
538 3211 548 3224 ,
575 3184 607 3218 8<
636 3185 786 3219 rationis
801 3212 811 3226 ,
842 3185 874 3219 8<
903 3191 987 3221 item
1014 3183 1220 3230 aptitudinis
1239 3212 1250 3231 ‚

295 3239 351 3275 vel
366 3235 583 3271 ac'tualitatis
596 3235 758 3279 quoniam
774 3235 953 3283 personam
970 3247 1038 3268 non
1054 3234 1249 3277 constituit,

294 3287 351 3328 pili
366 3294 537 3333 quatenus
554 3281 600 3317 est
631 3287 662 3317 in
691 3295 725 3318 re
743 3311 754 3325 ‚
783 3284 840 3322 sub
856 3289 993 3319 ratione
1009 3282 1247 3331 aetua¹iffima‚

296 3340 364 3372 crit
384 3334 462 3381 ejus
479 3332 626 3379 personae
648 3332 873 3368 constitutiva
890 3333 948 3367 sub
961 3337 1054 3368 omni
1075 3343 1247 3377 conceptu

296 3386 399 3421 realis
423 3381 644 3417 aetualitatis
665 3381 788 3428 ipsius,
815 3383 924 3416 &non
944 3382 1002 3417 sub
1019 3384 1149 3418 ratione
1164 3395 1245 3428 pro·

297 3437 459 3482 prietatis
473 3440 606 3465 tantuin
619 3457 629 3470 ‚
644 3430 676 3465 8<
691 3444 758 3466 non
773 3443 840 3477 qua
857 3431 978 3466 relatio
994 3431 1040 3466 est
1056 3446 1065 3473 ;
1079 3433 1131 3468 vel
1145 3443 1248 3477 prout

298 3478 576 3531 apprehenditur
598 3490 639 3514 ut
655 3481 842 3526 aptitudo,
855 3481 887 3515 &
901 3493 968 3516 non
986 3491 1088 3524 prout
1101 3481 1149 3517 est
1160 3481 1249 3516 rela-

298 3534 350 3568 tio
368 3529 516 3567 aetuans
533 3554 541 3563 .
555 3527 689 3564 Rursus
701 3556 711 3572 ‚
725 3533 771 3564 ita
784 3530 1028 3575 opinantes‚&
1042 3529 1254 3576 distinguen-

300 3592 354 3618 tes
371 3580 580 3614 relationem
598 3578 712 3614 Patris
725 3578 990 3614 constitutivam
1006 3607 1016 3622 ,
1034 3594 1100 3616 non
1116 3590 1255 3626 putant,

303 3634 435 3677 pariter
450 3627 513 3662 effe
527 3625 805 3673 distinguendum
820 3628 1085 3664 constitutivum
1103 3629 1257 3670 secunde

303 3678 470 3727 pcrlbnae:
487 3688 566 3711 nam
580 3678 708 3712 nullam
730 3682 943 3713 mentionem
959 3676 1090 3721 faciunt
1107 3679 1165 3713 hic
1178 3693 1256 3726 pro-.

306 3729 466 3775 prietatis
482 3753 492 3768 ‚
515 3727 547 3760 8<
560 3726 744 3762 relationis
759 3754 770 3769 ‚
797 3726 1089 3763 necconfiderant
1104 3728 1185 3763 illud
1208 3729 1257 3766 se-

305 3776 459 3816 cundum
476 3775 706 3822 aptitudinem
722 3803 731 3819 ,
746 3775 779 3811 8<
794 3776 1049 3815 afflualitatcm.
1067 3776 1137 3814 Sed
1152 3789 1257 3826 equa-

823 165 1086 241 Summae
1091 167 1136 248 J
1137 164 1351 232 oannis
1375 166 1548 237 ,Dans
1571 162 1618 231 S
1621 164 1737 233 coti

1323 260 1402 294 liter
1415 262 1608 303 requiritur
1622 264 1752 297 entitas
1769 257 1961 302 positiva&
1975 256 2121 292 relativa
2138 253 2183 290 ad
2197 254 2281 291 con-

1324 307 1537 344 stituendam
1557 310 1703 355 primam
1717 333 1727 352 ,
1741 308 1772 342 8<
1785 308 1964 344 secundam
1981 307 2279 352 peribnanuutra-

1323 370 1390 404 que
1418 364 1507 393 enim
1538 359 1586 396 est
1616 370 1710 396 aeoue
1727 356 2069 393 incommunicabilis
2083 382 2093 397 ‚
2127 364 2275 401 utraque

1323 409 1420 455 aeque
1445 407 1595 444 aetuans
1608 434 1616 445 .
1636 407 1742 445 Nulla
1761 416 1877 444 autern
1895 412 1926 441 in
1946 407 2110 440 sententia
2126 404 2181 437 liic
2199 406 2277 451 sup-

1323 458 1435 505 pofita
1477 457 1541 494 effe
1569 456 1682 504 potest
1698 459 1829 492 entitas
1844 454 2200 495 incommunicabilis,
2217 453 2275 488 nifi

1322 508 1448 543 relatio
1461 510 1609 551 originis
1625 521 1635 550 ς
1653 520 1737 547 προ
1754 506 1923 541 relatione
1942 505 2094 549 originis
2108 528 2118 543 ‚
2136 515 2202 549 qua
2219 517 2275 539 en·

1319 559 1404 597 titas
1422 561 1453 592 in
1478 556 1559 592 affitu
1576 583 1586 598 ‚
1611 556 1835 593 constituitur
1850 557 1957 593 etiarn
1976 558 2088 599 prima
2108 554 2250 598 periona
2264 580 2274 589 .

1373 606 1535 647 Deinde,
1557 616 1679 642 contra
1706 608 1857 642 d=centes
1874 632 1884 646 ,
1910 607 2112 642 relationem
2128 606 2274 647 originis

1322 659 1431 704 prime
1446 655 1595 702 personae
1611 656 1821 693 constituere
1848 665 2018 699 quatenus
2050 664 2149 701 propi
2162 657 2247 686 ietas
2264 679 2274 694 ‚

1320 718 1389 745 non
1404 709 1609 752 inquantum
1624 707 1748 742 relatio
1767 704 1814 741 est
1826 732 1834 740 .
1849 703 2046 751 Proprietas
2065 712 2100 738 ut
2116 707 2274 747 proprie-

1320 765 1376 795 tas
1393 782 1403 798 ‚
1415 755 1462 792 est
1475 757 1593 802 aliqua
1608 759 1740 792 entitas
1754 755 1885 801 signata
1902 764 2002 789 extra
2018 754 2272 796 wintarmano-

1320 809 1404 853 quin
1432 818 1473 842 ea
1489 817 1556 842 non
1571 805 1837 842 constitueretur
1850 803 1988 852 al⁴qtiod
2005 815 2065 838 ens
2082 828 2090 836 .
2111 803 2183 836 Aut
2202 803 2269 848 igi-

1318 864 1378 890 tur
1407 855 1455 890 est
1483 855 1525 889 ad
1540 856 1568 890 se
1595 862 1721 892 entitas
1735 882 1745 898 ‚
1763 854 1883 890 autad
1899 855 2046 888 alterum
2064 878 2072 889 ,
2093 850 2186 888 Nam
2206 863 2271 886 non

1318 904 1366 941 est
1395 905 1621 950 intelligibilis
1641 911 1767 941 entitas
1781 907 1896 952 aliqua
1911 901 2091 947 singularis
2103 927 2113 942 ³
2127 912 2193 948 <10⁶2
2205 913 2271 936 ⁰011

1318 955 1359 993 fit
1378 955 1432 990 vel
1448 953 1491 988 ad
1504 954 1545 996 sc,
1563 956 1616 989 vel
1631 956 1674 990 ad
1691 957 1859 995 alterum,
1873 953 2039 1000 quamvis
2055 950 2207 987 noffibile
2223 949 2273 996 fit,

1318 1006 1468 1050 aliquem
1482 1014 1696 1049 conceptum
1712 1004 1964 1040 indifferentem
1980 1028 1990 1043 ‚
2010 1000 2074 1036 effe
2092 1004 2123 1035 in
2141 1001 2272 1037 intelle·

1318 1053 1378 1090 ἕω
1392 1081 1403 1097 ,
1429 1057 1487 1100 qui
1508 1064 1568 1102 per
1585 1054 1614 1089 se
1632 1068 1697 1091 non
1716 1054 1755 1089 sit
1773 1055 1815 1090 ad
1833 1056 1885 1095 se,
1902 1063 1963 1089 nec
1979 1052 2020 1085 a¹l
2037 1051 2203 1092 alterum3
2216 1059 2274 1086 ta-

1319 1116 1395 1144 men
1414 1114 1515 1142 extra
1531 1107 1681 1141 animam
1693 1103 1776 1139 nihil
1794 1103 1944 1139 existens
1958 1100 2021 1136 effe
2037 1099 2145 1146 potest
2161 1104 2210 1135 ita
2224 1102 2276 1135 in-

1318 1151 1497 1196 differens3
1515 1164 1659 1200 oportet
1679 1159 1787 1200 igitur
1800 1182 1811 1197 ‚
1827 1154 1918 1189 lianc
1934 1156 2116 1187 entitatem
2134 1150 2198 1188 ess'e
2216 1149 2273 1186 vel

1319 1203 1515 1243 formaliter
1528 1202 1570 1237 ad
1584 1203 1736 1251 se‚atque
1750 1207 1793 1240 ita
1807 1203 2031 1239 constitutum
2047 1212 2107 1248 per
2118 1213 2195 1237 eum
2209 1204 2278 1235 erit

1318 1251 1498 1295 subsistens
1515 1252 1711 1290 absolutum
1727 1265 1736 1287 τ
1753 1255 1808 1291 vel
1822 1254 1864 1289 ad
1878 1255 2028 1288 alterum
2045 1278 2054 1293 ‚
2070 1251 2101 1285 3<
2119 1249 2276 1291 subinde,

1317 1312 1495 1350 quatenus
1513 1308 1711 1349 proprietas
1739 1305 1944 1349 intelligitur
1973 1300 2018 1335 ad
2034 1302 2206 1343 alterum,
2241 1299 2275 1334 ἃ

1319 1353 1473 1394 relati0;
1503 1350 1696 1389 Distinetio
1713 1356 1820 1399 igitur
1847 1355 1917 1390 liaec
1940 1364 2006 1387 non
2025 1350 2147 1388 suffieit
2158 1350 2276 1386 tollen-

1319 1403 1369 1438 dae
1390 1400 1619 1445 difficultati,
1641 1402 1744 1448 cujus
1762 1407 1811 1437 rei
1840 1406 1955 1447 gratia
1973 1401 2038 1436 fuit
2054 1412 2169 1446 excog
2185 1409 2272 1436 tata.

1318 1450 1573 1491 Confirmatur‚
1585 1450 1642 1486 etii
1658 1452 1779 1489 albedo
1796 1450 2003 1489 considerari
2016 1461 2125 1497 queat
2144 1449 2201 1483 l'ub
2217 1462 2273 1484 ra-

1319 1500 1473 1537 tionibus
1494 1499 1527 1536 &
1544 1500 1712 1536 albedinis
1727 1527 1737 1542 ‚
1764 1501 1796 1534 &
1821 1501 2001 1546 qualitatis
2018 1499 2269 1536 :nihilominus

1317 1547 1486 1595 quicquid
1511 1548 1905 1604 constitufflbalbedine
1921 1576 1931 1590 .,
1945 1559 1980 1583 ut
1997 1549 2122 1583 albedo
2140 1548 2273 1590 est‚non

1318 1596 1548 1634 constituitur
1575 1597 1689 1644 aliqua
1704 1600 1847 1634 entitate
1861 1624 1872 1640 ‚
1887 1609 1963 1644 quae
1979 1609 2048 1631 non
2067 1595 2106 1631 sit
2122 1598 2274 1642 qualitas

1318 1657 1399 1687 ¹cuin
1416 1644 1544 1681 albedo
1566 1643 1605 1680 iit
1634 1645 1857 1682 essentialiter
1879 1648 2053 1693 qualitas:
2077 1657 2162 1691 ergo
2191 1650 2274 1692 quia

1317 1700 1440 1746 primae
1464 1694 1613 1742 perlbnae
1644 1695 1755 1732 forma
1770 1697 1989 1744 hypostatica
2015 1707 2060 1730 ex
2079 1706 2201 1732 natura
2220 1695 2270 1728 rei

1317 1744 1368 1783 est
1386 1745 1510 1780 relatio
1524 1744 1744 1781 essentialiter
1760 1773 1770 1788 ‚
1785 1759 1852 1782 non
1866 1745 2046 1781 constituit
2060 1744 2270 1792 suppositum

1315 1795 1648 1835 incommunicabile
1659 1800 1793 1833 ratione
1813 1798 2044 1843 proprietatis
2057 1820 2067 1836 ‚
2091 1796 2173 1842 quin
2191 1806 2275 1829 con-

1317 1844 1439 1886 stituat
1454 1845 1586 1890 pariter
1600 1844 1632 1879 8<
1651 1855 1689 1879 ut
1707 1847 1830 1881 relatio
1845 1858 1855 1890 ς
1870 1849 2035 1893 quamvis
2049 1856 2080 1877 in
2097 1844 2273 1883 intent-&tu

1320 1891 1558 1932 considerante
1582 1893 1647 1929 sint
1662 1895 1733 1930 duo
1749 1906 1943 1937 conceptus
1967 1892 2133 1941 objeeti'vi
2148 1920 2157 1929 .
2176 1895 2272 1930 Con—

1317 1952 1372 1985 gra
1385 1942 1567 1983 secundam
1592 1944 1866 1981 declarationem
1887 1950 1916 1980 in
1934 1944 2066 1990 speciali
2080 1956 2204 1988 arguo:
2220 1944 2273 1980 Si-

1318 1992 1455 2040 quidem
1470 1997 1581 2038 prima
1597 1995 1736 2039 persona
1754 2007 1820 2038 non
1837 1995 2061 2030 constituitur
2076 1997 2271 2040 proprieta-

1317 2053 1352 2078 te
1377 2042 1530 2077 habente
1548 2044 1662 2078 minus
1674 2042 1826 2089 perse-Pte
1840 2047 1904 2090 esse
1915 2043 2122 2090 pontivum,
2143 2055 2183 2077 ae
2200 2043 2273 2088 pos-

1316 2091 1427 2134 sideat
1448 2095 1646 2138 proprietas
1674 2091 1899 2129 constitutiva
1931 2093 2077 2137 secunde
2103 2093 2273 2138 personae:

1317 2144 1401 2188 quia
1414 2150 1498 2176 tunc
1518 2142 1592 2182 sane
1606 2153 1671 2176 non
1689 2141 1974 2188 videreturaeque
1990 2142 2143 2188 perfeffta
2160 2147 2192 2176 in
2207 2143 2274 2189 effe

1320 2190 1488 2238 personali
1506 2217 1514 2225 .
1546 2191 1707 2226 Secunda
1735 2201 1850 2226 autem
1877 2192 2020 2238 persona
2048 2191 2274 2231 constituitur

1320 2241 1510 2283 filiatione,
1536 2250 1575 2275 ut
1594 2239 1716 2276 filiatio
1742 2241 1808 2277 est:
1822 2253 1907 2287 ergo
1923 2245 2032 2288 prima
2048 2243 2187 2287 perlbna
2208 2253 2274 2276 non

1318 2288 1545 2329 ,constituitur
1566 2290 1733 2326 relatione
1748 2292 1944 2338 potentiali,
1958 2302 2032 2339 quae
2046 2301 2143 2326 cei-te
2163 2294 2274 2326 minus

1320 2342 1507 2391 participat
1541 2338 1584 2374 de
1610 2350 1734 2378 natura
1749 2341 1937 2376 relationis
1952 2368 1961 2384 ‚
1979 2339 2086 2386 quarn
2107 2341 2277 2384 secundm,

1320 2390 1467 2441 personat
1481 2392 1679 2437 proprietas
1691 2401 1788 2475 ‚juve
1814 2390 1862 2426 est
1877 2391 2003 2426 relatio
2020 2391 2186 2427 aetuans.
2203 2392 2275 2430 Sed

1320 2441 1445 2477 relatio
1470 2444 1670 2485 generativi
1687 2452 1706 2474 a
1756 2441 1953 2487 generabile
1969 2468 1979 2483 ,
2001 2440 2049 2477 est
2078 2441 2202 2476 relatio
2216 2454 2273 2488 po-

1321 2491 1479 2533 tentialis
1500 2501 1511 2532 ε,
1545 2501 1632 2536 ergo
1673 2502 1738 2526 non
1778 2489 1956 2531 constituit
1993 2495 2042 2526 ita
2082 2489 2273 2538 perfestam

1322 2540 1502 2591 personam
1523 2539 1696 2582 naualem
1721 2567 1732 2583 ‚
1761 2539 1842 2577 ficut
1874 2540 2020 2577 secunda
2046 2568 2055 2582 ‚
2108 2540 2275 2584 Deinde,

1322 2589 1592 2628 ,constitutivum
1628 2595 1746 2636 primae
1789 2591 1938 2637 personae
1972 2590 2019 2627 est
2059 2593 2172 2638 primo
2198 2618 2209 2633 ‚
2243 2592 2276 2626 &

1321 2653 1385 2688 per
1411 2640 1441 2675 se
1466 2640 1821 2686 i'ncommunicabile3
1848 2640 1901 2676 led
1925 2640 2016 2678 nulla
2043 2640 2205 2687 aptitudo
2229 2641 2275 2678 est

1321 2693 1436 2738 primo
1460 2690 1821 2727 incommunicabilis.
1843 2690 2022 2740 Aptitudo
2047 2692 2136 2726 enim
2162 2696 2276 2731 omnis

1322 2742 1477 2786 ‚sequitur
1499 2749 1684 2782 naturam,
1709 2739 1808 2787 cnjus
1831 2741 1903 2789 est,
1927 2739 1993 2777 &fi
2011 2740 2275 2777 fundamentum

1323 2791 1369 2827 est
1394 2790 1688 2826 communicabile
1700 2818 1710 2833 ‚
1727 2791 1758 2825 8<
1775 2792 1844 2838 ipsa
1862 2796 1992 2839 pariter
2003 2793 2277 2832 communicabi-

1321 2843 1366 2878 lis
1389 2842 1458 2875 erit
1477 2839 1636 2876 :Contra
1654 2840 1789 2883 verost}
1810 2851 1932 2880 natura
1949 2867 1959 2882 ‚
1984 2840 2082 2887 cujus
2100 2840 2210 2882 est‚fit
2224 2845 2275 2876 in-

1321 2889 1644 2926 communicabilis.
1664 2891 1773 2927 Unde
1786 2892 1994 2975 quiaessomo
2019 2889 2064 2924 est
2085 2893 2275 2926 communi-

1320 2940 1441 2976 cabilis
1455 2966 1466 2981 ‚
1489 2940 1535 2978 ita
1561 2944 1717 2983 pariter,
1742 2940 1775 2974 &
1791 2940 1880 2978 rifibi
1899 2938 1988 2981 stas,
2007 2951 2072 2989 que
2107 2940 2155 2981 est
2169 2940 2274 2988 ipsius

1318 2987 1484 3036 aptitudo
1496 3015 1506 3031 ‚
1533 2987 1583 3023 est
1601 2993 1707 3025 etiam
1722 2989 2023 3025 communicabilis
2037 3018 2046 3027 .
2061 2991 2154 3031 Cum
2168 2991 2274 3037 igitur

1318 3039 1546 3087 personalitas
1560 3036 1599 3075 fit
1613 3041 1724 3085 primo
1751 3040 2088 3075 incommunicabilis
2105 3066 2116 3082 ‚
2144 3045 2272 3087 aptitu-

1317 3091 1363 3124 do
1393 3101 1456 3124 non
1474 3092 1554 3123 item
1570 3114 1579 3129 ‚
1608 3091 1806 3134 paternitas
1823 3089 1880 3124 sub
1897 3095 2033 3124 ratione
2058 3089 2271 3137 aptitudinis

1317 3138 1383 3174 effe
1405 3149 1471 3173 non
1489 3142 1618 3184 poterit
1649 3141 1850 3185 proprIetas
1874 3142 1994 3187 primae
2016 3140 2166 3186 personae
2187 3151 2270 3179 com

1316 3189 1472 3231 stitutiva
1487 3213 1496 3222 .
1716 3189 1718 3191 ’
2017 3190 2019 3193 “

1367 3237 1514 3272 Tertius
1529 3235 1669 3272 dicendi
1683 3237 1809 3273 modus
1823 3266 1833 3284 ,
1853 3239 1944 3275 ultra
1961 3246 2170 3285 argumenta
2191 3240 2274 3276 alla-

1316 3298 1352 3323 ta
1364 3294 1490 3322 contra
1508 3290 1656 3332 primun-i
1673 3296 1745 3327 tam
1760 3297 1863 3333 prout
1880 3289 2044 3324 convenit
2062 3301 2141 3323 cum
2156 3289 2272 3330 secun·

1316 3338 1364 3374 do
1378 3363 1388 3379 ‚
1412 3345 1484 3370 tam
1507 3340 1541 3370 in
1554 3337 1710 3383 speciali,
1726 3337 1926 3373 excluditur
1953 3350 2013 3386 per
2027 3339 2114 3374 hoc:
2139 3338 2271 3385 Origo,

1316 3398 1385 3433 qua
1402 3387 1482 3420 talis
1495 3411 1506 3427 ,
1533 3397 1598 3420 non
1617 3385 1665 3421 est
1680 3391 1818 3434 propria
1843 3387 1953 3422 forma
1968 3415 1977 3431 ‚
1993 3400 2054 3423 nec
2073 3388 2220 3434 pcrlbnae
2236 3393 2269 3422 in

1315 3446 1383 3483 qua
1404 3434 1451 3469 est
1466 3461 1477 3476 ‚
1508 3446 1571 3469 nec
1585 3434 1724 3482 persone
1737 3462 1748 3478 ‚
1773 3437 1815 3473 ad
1829 3449 1933 3487 quam
1959 3436 2007 3475 est
2020 3442 2143 3483 origo,
2154 3437 2206 3472 sed
2219 3437 2269 3472 est

1319 3482 1414 3532 qnasi
1448 3488 1506 3520 via
1525 3489 1619 3524 inter
1640 3487 1818 3529 personam
1837 3487 2092 3532 producentem
2109 3513 2118 3528 ‚
2145 3486 2175 3519 8<
2189 3498 2268 3533 pro-

1320 3533 1488 3580 duifilam3
1518 3546 1606 3578 ergo
1619 3545 1684 3569 non
1714 3534 1761 3571 est
1788 3535 1899 3571 forma
1912 3535 2142 3577 constitutiva
2161 3540 2271 3585 prime

1321 3583 1473 3631 persone,
1486 3583 1541 3618 sed
1557 3581 1649 3629 quafi
1666 3585 1893 3632 prtesupponit
1909 3598 1984 3621 eam
1999 3611 2007 3619 .
2037 3585 2135 3620 Nihil
2154 3595 2271 3622 autem

1322 3630 1508 3668 constituit
1536 3632 1707 3679 aliquidin
1722 3635 1843 3679 aliquo
1870 3635 1959 3675 csse,
1983 3633 2039 3670 nifi
2065 3638 2272 3680 inquantum

1324 3681 1371 3718 est
1383 3681 1494 3717 forma
1519 3682 1620 3727 ejus3
1643 3694 1728 3727 ergo
1752 3684 1876 3723 relatio
1891 3685 1949 3718 sub
1977 3687 2110 3719 ratione
2128 3689 2274 3731 originis

1323 3742 1391 3767 non
1415 3730 1462 3766 est
1486 3735 1603 3777 primae
1626 3732 1775 3776 personx
1803 3732 2046 3768 constitutiva.
2074 3734 2211 3770 Verum
2227 3734 2276 3770 est

1327 3790 1469 3822 tamen,
1491 3779 1584 3827 quod
1610 3779 1631 3814 fi
1656 3782 1908 3829 intelligeretur
1927 3785 2030 3828 origo
2065 3782 2274 3819 constituere

2145 3846 2232 3882 ,per-

2317 257 2490 297 specialem-2

2315 307 2479 336 conceptnu

2317 337 2390 365 actus
2423 349 2432 370 ;

2315 383 2447 412 quatenus

2314 422 2423 450 conelp)
2456 423 2511 449 po·

2312 454 2361 481 test
2378 472 2387 487 ‚
2416 452 2512 489 uthy·

2314 491 2511 530 poilasiscon·

2317 535 2407 561 lliiuta
2428 547 2438 562 ‚
2481 530 2511 557 &

2316 578 2447 609 quatenus

2464 337 2510 365 seu
2542 322 2545 325 l

2317 610 2350 637 ad
2365 608 2447 635 aliam
2470 614 2512 632 re·
2568 622 2569 629 i

2316 648 2368 675 fert
2425 645 2514 682 hypo·

2317 685 2403 713 statim
2416 703 2425 711 .

2367 770 2511 800 Videndus

2315 811 2513 846 joannesl‘on·

2317 852 2388 877 citizi
2402 862 2406 875 i
2418 849 2512 877 Com-

2318 897 2406 916 ment.
2434 889 2511 925 luper

2317 939 2343 963 q.
2359 937 2384 961 3.
2401 925 2512 962 dista&

2312 964 2420 1006 primi.

2314 1938 2440 1968 §.Contra
2449 1934 2507 1972 ista.

2315 1976 2351 2003 V,
2367 1973 2509 2001 Prien-rea

2314 2022 2375 2042 cum
2389 2010 2456 2038 dicii
2471 2027 2480 2036 .

2373 2049 2478 2084 Obijcit
2498 2067 2508 2082 ‚

2313 2089 2378 2125 quia
2392 2106 2401 2121 ‚
2433 2088 2508 2115 rela-

2314 2136 2421 2155 tionem
2437 2135 2509 2154 con-

2554 1867 2575 1962 olet—1⁴

2560 1983 2573 2002 6

2314 2166 2411 2194 fidei-it
2432 2182 2442 2196 ‚
2478 2173 2508 2193 ut
2562 2177 2569 2189 w

2314 2212 2470 2242 proprietas

2313 2243 2351 2270 eit
2399 2250 2508 2269 tantum

2314 2281 2509 2308 hahirudora.

2311 2330 2397 2348 tionis
2424 2336 2434 2350 ‚
2475 2326 2508 2345 ac

2312 2365 2496 2397 propterea-..n

2313 2398 2360 2425 suo
2374 2396 2422 2423 hac
2439 2405 2508 2424 con·

2310 2434 2475 2469 fideratione

2311 2484 2367 2503 non
2404 2474 2506 2501 consti-
2556 2474 2566 2501 ἐ
2591 2486 2600 2500 ,μ

2311 2514 2396 2541 ruitur

2310 2551 2384 2582 reale
2408 2569 2416 2577 .

2311 2590 2489 2618 constituitur

2312 2622 2425 2662 idei-is,
2451 2629 2505 2667 qui
2560 2643 2562 2646 ·
2595 2640 2598 2644 ·

2312 2669 2466 2705 propi-ieras

2456 2522 2506 2541 ent
2560 2523 2595 2537 ν’·

2442 2550 2506 2580 Εείῐ
2546 2556 2559 2579 ,ζ
2581 2562 2600 2580 τ’

2313 2707 2350 2736 est
2363 2706 2442 2735 realis
2455 2726 2463 2740 ‚
2475 2707 2505 2734 ὅ(
2556 2708 2561 2720 “

2312 2747 2413 2775 relatio
2463 2744 2525 2774 [ιη’
2579 2756 2583 2765 ³

2313 2785 2393 2818 binde
2411 2806 2415 2810 .
2429 2784 2505 2818 cuju:

2311 2825 2431 2863 quiditas
2444 2832 2503 2851 non

2310 2872 2431 2892 variatur
2455 2869 2502 2898 per

2308 2902 2504 2941 eomparatio-

2307 2950 2371 2973 ,nem
2389 2938 2506 2968 intelle«

2302 2979 2383 3011 ἂαςς
2410 2980 2435 3006 8<
2452 2976 2503 3005 de-

2305 3017 2380 3047 ducit
2423 3024 2503 3053 argu·

2307 3065 2456 3088 mentum-.-

2310 3095 2443 3133 prolixzus

2307 3136 2345 3170 ibi
2361 3131 2501 3165 videndi]-
