2666 4109
61 671 275 703 miluks-§.lies-

56 704 150 738 pomieo
175 706 277 729 νοέιειι·

57 737 202 762 mremiffa
220 739 254 761 eit
269 754 277 765 .

58 777 106 800 qua
117 770 200 800 placet
209 770 278 794 voli-

57 809 115 828 tum
128 819 134 830 .
155 804 222 833 qued
243 810 280 827 ta-

59 842 121 860 men
162 836 279 861 voluntas

57 874 110 893 non
122 869 193 898 ponit
204 871 229 894 in
242 869 281 893 es-

57 901 102 928 se.
127 901 187 925 iicet
207 901 276 932 pciiit

56 940 154 965 ponere
170 933 233 960 illud
252 936 279 960 in

55 965 125 991 effe.

61 998 142 1025 uim.
154 999 211 1032 &q-
221 1008 243 1027 2.

64 2354 153 2381 'dfifi-
165 2357 204 2379 30·
212 2356 238 2381 q·
256 2355 281 2374 ,-

61 2386 88 2418 ς,
99 2380 282 2413 Adfer-ndum

63 2419 221 2452 qaniomlfl·

75 3399 164 3428 udin.
170 3408 212 3435 μ.

688 180 908 246 Tomus
926 177 967 247 1.
983 176 1146 245 Pars
1173 180 1215 246 1.
1244 180 1512 274 Quaestio
1531 179 1709 251 XIX.
1739 185 1881 254 Art.
1898 187 1988 254 111.

320 267 492 305 sentialcm
514 271 777 308 involventibus
802 270 1077 315 dependentiam
1109 284 1119 308 τ
1148 272 1281 319 depen-

319 320 436 356 dentia
462 329 581 355 autem
598 321 761 368 quaelibet
791 320 906 358 art-“tat
932 322 1152 357 voluntatem
1166 349 1177 364 ‚
1205 333 1282 369 quae

321 367 542 404 necefl‘ariam
558 368 647 407 dicit
665 370 908 406 habitudinem
938 369 985 405 ad
1002 382 1075 406 rem
1089 380 1249 407 amatam
1267 383 1280 413 ς

321 430 410 464 ergo
424 417 504 452 cum
522 417 627 456 Deus
644 432 710 467 per
724 419 891 457 infinitam
915 420 1088 456 libertatis
1104 425 1281 455 rationem

317 478 543 515 comparetur
555 470 749 507 necessario
762 470 806 505 ad
818 477 1005 506 creaturas
1021 482 1031 511 3
1042 481 1083 505 ea
1095 474 1186 504 enim
1197 480 1280 504 cum

322 517 586 563 independentia
605 520 907 556 commensuratur
923 547 934 562 ‚
952 516 1083 554 nullum
1102 518 1198 553 aliud
1216 520 1235 554 a
1250 519 1281 554 se

320 568 354 602 in
368 579 579 614 quocunque
592 572 657 616 este
673 569 861 606 necessario
875 570 993 615 diligit
1012 595 1022 611 ‚
1037 568 1094 605 vel
1109 565 1170 604 fibi
1184 579 1280 603 com·

318 617 433 663 placet
447 621 478 651 in
497 618 552 652 illo
569 644 577 653 .

372 666 603 702 Remos-nso
620 667 809 703 dicendum
831 667 949 703 Deum
979 668 1124 713 diligere
1135 668 1280 714 quidem

322 714 447 751 affeetu
463 715 625 762 simplicis
642 717 907 763 complacentiae
922 729 978 752 res
991 717 1164 766 possibiles
1178 744 1188 759 ‚
1218 716 1278 751 sibi

321 765 367 799 ab
381 765 564 802 intelleftu
584 765 706 801 divino
719 767 972 814 praeostensas-3
1004 779 1041 803 at
1058 779 1279 815 nequaquam

321 826 380 850 eas
400 815 489 850 vel‘e
503 816 693 852 necessario
708 841 718 858 ‚
731 814 785 850 sed
803 816 911 851 libere
925 817 1103 852 duntaxat
1119 844 1129 859 ,
1155 816 1278 852 saltem

320 864 436 911 quoad
453 865 667 901 exercitium
681 893 690 901 .
717 866 813 902 Nam
826 866 869 901 de
883 866 1153 913 specificationis
1164 866 1279 903 neces-

320 914 422 950 fitate
436 926 503 950 non
518 914 658 952 videtur
670 916 946 962 ambigendum,
973 918 1053 952 cum
1071 916 1176 952 Deus
1193 916 1278 951 nihil

321 976 444 1002 eorum
458 991 469 1008 ‚
482 977 560 1013 quae
576 964 673 1008 fecit,
684 966 769 1002 odio
783 966 1026 1013 prosequatur,
1041 975 1079 1002 ut
1093 966 1250 1001 scribitur
1266 993 1276 1008 ,

309 1016 454 1063 sapien.
478 1026 528 1051 ιι.
561 1013 632 1051 Etfi
649 1020 834 1063 unicuique
850 1015 935 1052 desit
947 1017 1063 1064 aliqua
1083 1015 1251 1063 perfeftio
1266 1043 1276 1058 ,

319 1064 423 1112 cujus
440 1064 519 1101 esset
533 1076 660 1112 capax,
675 1076 713 1102 ut
725 1078 802 1108 ens3
820 1065 852 1100 8(
869 1076 986 1103 tamen
1004 1078 1086 1102 eum
1098 1065 1276 1103 defeftum

319 1116 425 1153 Deus
439 1126 508 1151 non
523 1115 599 1151 odit
617 1142 628 1158 ‚
646 1115 701 1150 sed
722 1119 837 1162 magis
846 1116 966 1162 diligit
978 1128 1055 1153 eam
1070 1143 1080 1159 ,
1095 1128 1200 1164 quarn
1216 1115 1276 1151 de-

317 1165 370 1201 dit
386 1176 517 1201 naturae
533 1190 542 1206 ,
558 1165 753 1201 bonitatem
769 1179 778 1209 3
810 1171 856 1201 ita
873 1178 939 1202 nec
953 1169 984 1201 in
1000 1164 1212 1213 poslibilibus
1227 1163 1275 1200 est

317 1215 434 1262 aliqua
449 1220 553 1258 rati0‚
567 1227 631 1249 cur
644 1214 748 1252 Deus
759 1227 800 1252 ea
815 1216 901 1251 odio
914 1215 1157 1252 habeatNain
1173 1219 1274 1263 quic-

316 1265 402 1313 quid
417 1264 495 1301 odit
514 1269 548 1301 in
565 1264 796 1302 existentibus
812 1265 860 1301 est
877 1267 942 1302 sola
974 1267 1107 1301 malitia
1135 1269 1243 1301 moris
1261 1277 1273 1308 ς

316 1320 439 1362 potius
457 1318 571 1360 igitur
585 1313 646 1350 fibi
674 1316 872 1361 complacet
887 1320 920 1351 in
947 1317 1015 1350 illis
1034 1314 1176 1359 simplici
1194 1312 1273 1350 affc-

314 1363 376 1401 eiu
388 1364 640 1409 dileetionis‚id
658 1364 784 1401 estnon
802 1364 949 1409 efficaci,
961 1367 1042 1412 quia
1060 1365 1105 1400 ad
1124 1365 1196 1401 tale
1213 1375 1276 1401 vo-

311 1414 469 1451 luntatis
480 1415 568 1451 velle
581 1414 696 1450 nullus
709 1414 759 1450 est
784 1414 994 1463 sequuturus
1008 1415 1200 1464 aliquando
1228 1413 1276 1450 ef-

308 1465 423 1501 feetus
435 1491 444 1500 .

363 1513 423 1551 Est
438 1518 550 1562 igitur
566 1513 820 1552 declarandum
850 1515 972 1551 Deum
1003 1514 1167 1563 fimplicis
1181 1527 1277 1550 com·

310 1565 495 1613 placentia·
508 1562 673 1601 affec-“tum
686 1565 814 1601 habere
826 1565 920 1612 posse
933 1593 944 1608 ‚
958 1566 991 1601 8(
1006 1579 1113 1613 porro
1126 1576 1276 1601 exerce-

311 1626 352 1652 re
365 1620 457 1651 circa
471 1614 642 1663 poffibilia
659 1642 669 1659 ,
694 1614 752 1652 sed
768 1615 941 1651 duntaxat
958 1616 1071 1652 libere
1084 1643 1095 1659 ,
1126 1627 1195 1650 non
1215 1626 1275 1650 ne·

312 1663 463 1702 cessario
484 1690 496 1699 .
517 1663 616 1701 Nam
630 1663 718 1701 ficut
737 1667 854 1701 omnis
884 1665 1083 1703 intelieftus
1113 1665 1225 1712 potest
1240 1666 1273 1700 in

314 1714 501 1764 quodlibet
524 1715 765 1763 intelligibile,
786 1720 833 1751 ita
862 1715 896 1750 8(
919 1719 1037 1751 omnis
1065 1716 1230 1751 voluntas
1241 1716 1273 1750 in

313 1763 497 1814 quodlibet
510 1765 653 1802 volibile
671 1779 681 1808 3
711 1768 822 1811 igitur
833 1765 956 1800 divina
981 1766 1147 1801 voluntas
1162 1762 1276 1812 potest

314 1815 460 1861 diligere
471 1826 685 1862 quaecunque
696 1815 878 1861 diligibilia
895 1815 961 1850 alia
975 1813 994 1852 a
1009 1816 1038 1851 ie
1053 1828 1063 1858 ;
1081 1827 1134 1850 res
1148 1825 1273 1850 autern

313 1864 492 1915 possibiles
503 1864 578 1900 sunt
589 1865 780 1911 diligibiles
797 1892 806 1907 ,
818 1863 852 1898 id
864 1863 912 1900 est
925 1892 935 1907 ‚
952 1876 1042 1913 apta:
1054 1874 1144 1900 natae
1158 1868 1274 1900 termi-

315 1923 401 1953 hare
416 1914 583 1962 fimplicis
600 1914 867 1962 complacentiae
885 1913 1070 1952 affefftum:
1091 1914 1275 1964 Qfmad·

314 1963 460 2003 modum
474 1968 564 2001 enirn
579 1967 717 2000 ratione
734 1966 926 2000 intrinseca:
958 1967 1118 2001 veritatis
1133 1967 1203 2000 lunt
1223 1969 1273 2000 in-

315 2014 576 2061 telligibiles,ac
593 2014 903 2061 reipsaterminant
916 2016 1076 2051 divinum
1094 2016 1275 2058 intuitum,

314 2077 398 2102 curn
414 2063 634 2111 fintobjefta
651 2064 849 2101 secundaria
864 2065 994 2101 infiniti
1008 2064 1273 2107 intellec‘tus3ita

310 2118 359 2153 ob
373 2115 595 2151 intrinsecam
613 2113 805 2151 bonitatem
820 2141 830 2156 ‚
855 2119 945 2151 entis
959 2116 1135 2152 rationem
1153 2115 1272 2150 conse—

310 2174 476 2214 quentem
490 2191 501 2207 ‚
526 2164 641 2211 illique
662 2168 966 2211 proportionatam
1002 2177 1091 2212 aptae
1105 2165 1182 2200 sunt
1199 2175 1273 2200 ter-

311 2219 451 2253 minare
466 2213 540 2251 Dei
553 2211 777 2250 dileetionern
793 2215 1006 2252 inefficacem
1020 2243 1030 2259 ,
1047 2227 1123 2264 quaa
1134 2214 1182 2251 est
1198 2213 1273 2250 srm-

314 2268 418 2314 plicis
430 2263 700 2311 complacentiae
717 2262 864 2300 affeetus
874 2293 882 2301 .

366 2313 478 2362 Quod
504 2327 590 2351 vero
615 2313 782 2363 ejusmodi
807 2314 1006 2352 dileetionis
1031 2315 1178 2362 fimplex
1192 2314 1275 2352 affe-

315 2364 396 2401 etus
408 2373 558 2413 nequeat
574 2363 639 2401 effe
653 2365 686 2398 in
703 2364 785 2401 Deo
797 2365 1005 2402 necessarius
1018 2371 1108 2402 circa
1130 2378 1187 2402 res¹
1202 2366 1277 2414 pos-

315 2414 432 2452 sibiles
446 2441 457 2456 ,
470 2415 666 2461 probatur:
685 2413 787 2450 Deus
801 2414 899 2452 ficuti
916 2417 964 2453 est
983 2415 1138 2452 infinitus
1153 2444 1163 2460 ,
1176 2423 1226 2453 ita
1245 2417 1277 2451 8(

315 2463 524 2502 necefl'arius
543 2477 554 2508 ς
586 2475 664 2499 nam
675 2462 724 2499 est
740 2466 958 2502 necessarius
972 2495 983 2510 ‚
1009 2479 1053 2516 qu
1074 2479 1092 2503 a
1107 2469 1124 2503 a
1146 2481 1173 2503 ve
1191 2481 1201 2508 ς
1229 2466 1278 2502 est

317 2514 470 2553 autema
486 2514 529 2556 se,
544 2518 630 2561 quia
644 2512 805 2549 infinitus
817 2541 826 2550 ,
842 2516 1026 2563 Siquidem
1044 2516 1127 2553 ideo
1145 2516 1277 2564 aliquid

316 2565 366 2603 est
379 2575 591 2611 contingens
604 2591 614 2608 ,
627 2564 660 2599 8(
680 2562 833 2612 possibile
847 2592 858 2607 ,
888 2571 969 2613 quia
985 2566 1031 2603 ab
1042 2567 1136 2609 ali05
1165 2566 1200 2603 &
1232 2566 1277 2602 ab

316 2616 389 2653 alio
405 2617 578 2651 intantum
592 2613 725 2661 aliquid
742 2613 813 2651 esse
826 2615 940 2663 potest
954 2644 964 2659 ‚
993 2620 1024 2651 in
1039 2629 1211 2664 qnantum
1230 2615 1279 2654 est

312 2662 452 2704 finitum
468 2679 477 2708 ς
492 2666 572 2700 hinc
589 2667 680 2700 enim
698 2662 793 2700 estin
806 2671 964 2714 potentia
989 2666 1170 2713 objeaiva
1185 2668 1279 2716 phy-

313 2715 398 2757 fica.
411 2716 444 2752 &
462 2714 681 2764 producibile
698 2742 706 2750 .
722 2713 836 2760 igitur
851 2715 899 2752 est
914 2717 1018 2753 Deut-
1034 2719 1248 2753 necessarius
1265 2744 1277 2760 ‚

314 2776 486 2817 quantum
504 2764 579 2801 fieri
594 2762 710 2814 potest
723 2793 733 2807 ‚
750 2763 943 2813 &intelligi
963 2767 1208 2810 necessarium
1223 2779 1278 2802 er-

315 2830 366 2866 go
378 2816 411 2852 8:
424 2827 470 2853 ex
482 2826 692 2864 quacunque
707 2815 893 2864 hypothesi
907 2843 918 2859 ‚
948 2817 1000 2853 seu
1026 2817 1195 2864 possibili,
1221 2818 1278 2852 seu

316 2865 510 2916 impossibili
528 2870 619 2901 cirea
635 2866 745 2912 ipsum
762 2879 772 2908 3
805 2868 909 2912 igitur
923 2867 1188 2915 implicantibus
1200 2879 1280 2903 orn·

314 2918 422 2956 nibus
451 2924 650 2958 creaturis,
674 2916 793 2953 adhuc
804 2916 917 2962 esset,
946 2918 980 2954 &
1013 2919 1273 2966 intelligeretur

321 2968 427 3005 Deus
445 2968 489 3004 ab
503 2966 678 3003 intelieetu
693 2965 826 3004 infinito
837 2972 931 3003 omni
952 2969 1138 3004 intrinseca
1165 2967 1279 3015 perfe-

319 3016 438 3054 &ione
452 3018 508 3055 sua
524 3017 700 3064 praeditus,
717 3028 759 3052 ac
774 3020 879 3053 modo
895 3017 951 3054 est.
964 3019 1002 3054 Si
1022 3028 1139 3056 autem
1151 3026 1279 3053 utcun-

320 3080 387 3117 que
407 3067 661 3115 intelligeretur
686 3068 815 3104 habere
842 3074 1075 3106 neceisariam
1099 3067 1277 3105 habitudi-

321 3128 402 3154 nem
413 3116 458 3153 ad
472 3127 654 3153 creaturas
669 3122 701 3153 in
715 3117 805 3154 statu
836 3116 1088 3164 possibilitatis,
1111 3131 1158 3155 ex
1188 3116 1277 3165 posi-

322 3172 419 3204 tione
435 3166 531 3213 quod
546 3167 595 3203 hae
609 3167 874 3204 destruerentur
889 3194 899 3210 ‚
926 3177 1113 3214 oporteret
1128 3167 1281 3204 deficere

321 3217 474 3264 aliquid,
500 3217 597 3262 quod
608 3217 655 3253 est
673 3218 860 3254 intrinseca
875 3217 1101 3266 perfeetionis
1119 3220 1153 3254 in
1169 3218 1279 3262 Deo;

323 3278 412 3313 ergo
428 3265 619 3302 exdefefku
645 3273 759 3303 minus
783 3268 995 3315 impossibilis
1017 3267 1186 3305 deficeret
1210 3270 1281 3303 im-

324 3314 540 3365 possibilius,
563 3317 614 3351 uti
641 3316 690 3353 est
719 3328 831 3352 minus
860 3319 1090 3355 necessarium
1119 3315 1280 3366 respettu

323 3365 528 3413 simpliciter
543 3365 723 3412 necessarij
737 3393 748 3408 ,
759 3374 798 3400 ut
812 3366 1002 3402 deduftum
1016 3367 1066 3404 est
1082 3372 1115 3403 in
1129 3368 1283 3403 articulo

316 3416 537 3466 pra-cedenti
548 3440 558 3450 .
586 3414 786 3450 Se·1n0nne
801 3417 1002 3452 intelleftus
1016 3417 1210 3453 necessario
1226 3425 1286 3455 at·

325 3470 433 3512 tingit
445 3466 561 3501 omnia
580 3463 772 3511 possibilia?
797 3467 908 3502 Sicuti
933 3469 1043 3511 igitur
1073 3465 1209 3501 nullum
1238 3466 1283 3503 se-

321 3525 496 3564 queretur
510 3515 760 3550 inconveniens
780 3525 824 3548 ex
853 3515 1033 3563 hypothesi
1062 3514 1258 3562 impoffibili
1272 3542 1284 3558 ,

324 3577 394 3613 qua
405 3565 680 3600 substraheretur
692 3564 726 3597 id
736 3563 918 3611 objestum
930 3565 1125 3602 intelleftui
1140 3564 1282 3609 divin03

323 3617 376 3652 ita
392 3627 454 3651 nec
473 3614 587 3652 valide
604 3613 747 3649 infertur
761 3625 806 3648 ex
830 3611 995 3650 confimili
1013 3615 1206 3651 necessaria
1220 3615 1282 3650 ha-

323 3664 479 3700 bitudine
500 3665 689 3701 voluntatis
709 3661 753 3697 ad
770 3668 864 3699 entia
892 3662 1058 3711 'possibilia
1087 3689 1098 3699 .
1127 3661 1189 3699 Est
1214 3663 1281 3700 res—

323 3711 465 3760 ponfio3
498 3713 884 3751 intelleftumdivinum
898 3725 964 3748 non
992 3714 1114 3750 referri
1137 3713 1184 3748 ad
1205 3712 1282 3760 pos·

322 3762 455 3805 finilia,
479 3763 533 3798 sed
562 3766 579 3799 ὲ
606 3773 755 3799 contra:
783 3774 863 3797 nam
879 3763 933 3797 illa
952 3763 1026 3800 sunt
1051 3760 1231 3811 produaa
1248 3768 1283 3799 in

323 3811 391 3858 effe
405 3812 612 3898 iig'eiligibiii
628 3827 639 3858 ς
666 3812 712 3851 ad
726 3812 919 3852 absolutum
932 3822 1050 3852 autem
1070 3814 1105 3852 in
1118 3810 1221 3854 causa
1234 3811 1283 3864 seg

459 3873 552 3900 omus
568 3864 598 3900 J.
1120 3862 1124 3865 ’

1347 277 1472 321 quitur
1487 274 1685 311 absolutum
1700 278 1732 312 in
1745 277 1883 322 effestu,
1899 278 2029 316 exinde
2040 279 2187 319 effeetus
2201 281 2310 320 refer-

1347 333 1406 360 tur
1422 324 1468 358 ad
1485 324 1625 360 causam
1637 352 1647 369 ‚
1665 323 1764 372 aqua
1780 328 1976 375 dependet,
1993 329 2025 365 &
2041 336 2073 367 in
2089 334 2198 367 tertio
2211 333 2312 379 iigno

1346 373 1500 420 sequitur
1509 374 1635 410 relatio
1647 376 1681 410 in
1693 377 1793 412 causa
1810 379 1854 414 ad
1871 378 2036 416 effeEtum
2052 408 2063 424 ‚
2087 379 2108 415 fi
2124 381 2217 418 illum
2235 384 2309 418 fun—

1347 422 1454 458 dandi
1472 422 1511 458 iit
1524 434 1641 469 capax
1663 451 1673 460 .
1698 424 1750 461 At
1762 425 1834 464 Dei
1852 429 2019 465 voluntas
2035 431 2194 475 supponit
2208 432 2307 479 poffi-

1346 471 1428 527 bilia
1442 471 1615 519 produeia
1630 476 1663 508 in
1680 474 1747 520 effi
1760 477 1969 522 intelligibili
1984 505 1994 521 ,
2007 491 2071 516 nec
2087 491 2126 516 ea
2140 481 2307 527 producit

1348 533 1380 556 in
1392 521 1457 567 este
1471 522 1587 558 volito
1601 549 1612 565 ‚
1626 526 1707 568 quia
1724 532 1810 560 tunc
1828 526 2024 564 efficaciter
2033 539 2192 573 amaret;
2209 530 2231 567 fi
2252 543 2306 568 er-

1345 583 1394 618 go
1408 570 1597 607 necessario
1624 570 1684 607 fibi
1712 575 1743 609 in
1775 575 1841 610 illis
1866 579 2106 624 complaceret
2122 606 2132 621 ‚
2154 581 2307 617 necessa·-

1347 625 1434 655 riam
1458 621 1591 659 diceret
1618 622 1859 659 habitudinem
1884 625 1930 660 ad
1959 627 2014 662 illa
2028 654 2039 669 ,
2061 640 2139 676 quae
2167 629 2307 666 subinde

1346 669 1586 706 destrueretur
1612 682 1659 707 ex
1685 671 1854 719 politione
1882 676 2011 724 impoffi
2019 677 2074 712 bili
2089 705 2100 721 ,
2124 679 2219 727 quod
2237 680 2308 728 ipsa

1343 719 1534 755 deficerent
1548 720 1731 767 possibilia,
1743 734 1823 758 nam
1841 735 1884 759 eo
1899 725 1994 771 quod
2022 726 2224 765 dicerentur
2237 738 2310 766 ter-

1347 774 1478 806 minare
1502 767 1691 818 {implicem
1716 774 2008 821 complacentiam
2034 777 2163 814 divinae
2184 780 2309 816 volun-

1348 822 1438 855 tatis
1451 846 1462 862 ‚
1474 819 1566 856 nulla
1578 818 1659 868 ipsis
1675 820 1764 857 foret
1777 823 2008 870 intelligibilis
2031 828 2218 864 intrinseca
2232 841 2306 865 mu-

1345 874 1434 907 tatio
1447 897 1456 906 .
1469 869 1632 913 Deinde3
1648 871 1816 909 voluntas
1826 900 1836 916 ,
1848 884 1927 920 quae
1940 885 1986 910 ex
1998 876 2029 909 st
2042 902 2054 918 ,
2067 876 2100 912 8(
2111 877 2306 915 necessario

1345 919 1605 956 determinatur
1616 919 1661 956 ad
1676 919 1793 965 finem,
1804 932 1954 959 eatenus
1967 924 2090 962 eadem
2104 928 2302 966 necestitate
2325 940 2547 975 ·.'dia.s.q.5.§·

1344 971 1606 1008 determinatur
1623 969 1666 1006 ad
1678 981 1717 1006 ea
1731 998 1742 1014 ,
1758 973 1919 1019 quaesunt
1933 973 1976 1009 ad
1990 972 2093 1011 finem
2106 1005 2117 1021 ,
2130 987 2304 1025 quatenus
2329 975 2469 1031 Sl‘sssnd'm’
2501 984 2547 1002 ‘³‘

1347 1032 1393 1057 ex
1409 1023 1549 1056 ratione
1575 1018 1680 1066 ipsius
1708 1020 1786 1057 finis
1807 1023 2030 1060 concluditur
2052 1026 2233 1063 neceffitas
2246 1041 2305 1065 eo·
2327 1011 2533 1038 ‹meminens-

1346 1082 1444 1113 rum,
1466 1069 1624 1117 quaesunt
1637 1070 1680 1104 ad
1693 1069 1797 1106 finem
1809 1100 1820 1115 ,
1846 1082 1971 1120 utputa
1984 1079 2067 1120 quia
2094 1075 2165 1113 fine
2182 1078 2250 1114 illis
2265 1078 2306 1114 fi-

1348 1124 1401 1155 nis
1415 1121 1704 1166 nequitacquiri‚
1721 1131 1782 1156 aut
1796 1123 1954 1169 poffideri
1967 1150 1978 1166 ,
2004 1135 2068 1161 aut
2079 1131 2189 1163 amari
2206 1141 2215 1162 τ
2246 1127 2305 1166 sed

1347 1172 1443 1205 omni
1461 1177 1539 1204 ente
1554 1169 1656 1204 finito
1669 1172 1952 1220 circumscripto,
1980 1173 2034 1208 seu
2049 1176 2200 1214 realiter
2228 1183 2307 1215 exi-

1346 1219 1415 1256 stat
1429 1218 1507 1261 ‚seu
1520 1216 1562 1253 fit
1581 1218 1722 1255 tantuin
1733 1220 1909 1267 possibile,
1934 1221 1953 1258 a*
1977 1224 2155 1261 voluntate
2169 1226 2307 1265 infinita

1349 1268 1494 1316 perinde
1506 1267 1706 1315 possidetur
1717 1296 1728 1311 ‚
1739 1282 1782 1305 ac
1793 1280 1933 1306 tenetur
1945 1299 1956 1314 ‚
1982 1273 2014 1307 8(
2027 1285 2167 1311 amatur
2177 1277 2310 1315 bonum

1349 1317 1547 1354 infinitum:
1572 1328 1661 1365 ergo
1682 1319 1850 1356 voluntas
1875 1320 1997 1357 divina
2025 1335 2093 1360 non
2118 1327 2310 1364 necessarie

1347 1368 1457 1405 fertur
1471 1366 1515 1404 ad
1528 1378 1775 1416 quemcunque
1792 1381 1949 1407 amorem
1963 1372 2103 1408 illorum
2118 1402 2128 1417 ,
2146 1387 2222 1424 qua:
2235 1379 2309 1414 sunt

1349 1418 1394 1455 ad
1409 1417 1512 1454 finem
1527 1444 1537 1460 ‚
1557 1421 1686 1466 quippe
1698 1430 1773 1466 quae
1784 1421 1940 1457 ordinem
1954 1421 2130 1459 duntaxat
2144 1427 2312 1464 acciden-

1349 1469 1455 1506 talem
1471 1466 1593 1504 dicant
1607 1469 1651 1504 ad
1670 1468 1760 1504 illam
1773 1496 1784 1513 ,
1812 1482 1877 1508 nec
1888 1471 2041 1519 aliquam
2056 1474 2310 1521 perfectionem

1348 1524 1382 1557 οἰ
1398 1517 1530 1554 addere
1543 1516 2004 1565 possint.Quemadmodum
2020 1527 2131 1572 igitur
2148 1525 2309 1563 dileetio-

1348 1581 1392 1605 ne
1407 1596 1417 1612 ,
1432 1568 1489 1603 vel
1502 1568 1671 1604 volitione
1688 1567 1941 1607 efficacilibere
1957 1600 1968 1615 ‚
1997 1573 2029 1608 8(
2059 1578 2308 1623 contingenter

1345 1619 1458 1655 fertur
1468 1619 1512 1654 ad
1524 1617 1579 1654 illa
1591 1645 1602 1661 ‚
1625 1628 1802 1667 quatenus
1815 1622 1990 1658 includunt
2006 1623 2136 1660 realem
2152 1625 2308 1663 existen-

1345 1674 1433 1705 tiam
1450 1695 1460 1711 ,
1488 1671 1537 1705 ita
1553 1674 1688 1716 pariter
1704 1668 1810 1706 libere
1823 1671 1934 1707 fertur
1951 1676 1983 1707 in
2008 1673 2134 1710 eadem
2163 1676 2308 1723 objeeta

1345 1722 1556 1766 inquantum
1570 1718 1614 1754 ab
1627 1718 1812 1756 existentia
1830 1722 1914 1758 reali
1929 1733 1976 1759 ex
1989 1724 2021 1761 se
2031 1725 2307 1771 praescindentia‚

1346 1769 1466 1806 suntin
1482 1766 1570 1804 statu
1584 1779 1689 1804 merae
1699 1770 1937 1816 possibilitatis
1952 1798 1962 1808 .

1395 1818 1568 1865 Denique
1579 1845 1589 1861 ‚
1618 1819 1840 1856 voluntatem
1852 1823 2012 1860 divinam
2025 1824 2216 1862 necessario
2230 1825 2306 1863 dili-

1344 1881 1427 1917 gere
1438 1868 1617 1916 objeetum
1633 1869 1804 1905 infinitum
1817 1897 1829 1914 ,
1859 1870 1908 1909 est
1918 1873 1951 1909 &
1964 1885 2009 1910 ex
2021 1880 2162 1911 ratione
2179 1878 2304 1913 volun·
2335 1893 2424 1921 „eiua
2433 1905 2463 1924 ιο
2473 1897 2548 1931 §.se-i

1346 1922 1433 1955 tatis
1446 1918 1630 1961 infime&
1645 1917 1775 1965 objeeti
1790 1923 2059 1966 pariterinfiniti
2075 1923 2172 1961 simul
2187 1941 2197 1969 3
2213 1927 2302 1963 adeo
2327 1916 2519 1959 ‘1”‘⁷³''⁰rr⁰·e·'0
2537 1945 2550 1960 ο

1344 1979 1383 2005 ut
1398 1980 1504 2004 unum
1520 1968 1589 2004 fine
1607 1968 1719 2003 altero
1736 1981 1801 2005 non
1816 1970 1978 2009 sufficiat.
1994 1973 2136 2012 Etenim
2150 2004 2159 2019 ,
2173 1977 2302 2013 volun·

1347 2028 1404 2055 tas
1422 2017 1520 2055 finita
1534 2018 1642 2054 libere
1654 2019 1765 2055 tendit
1781 2022 1814 2054 in
1834 2021 2019 2069 objeetum
2051 2024 2220 2064 infinitum
2235 2054 2246 2070 ,
2268 2027 2302 2063 8(

1349 2068 1511 2104 voluntas
1526 2068 1643 2103 itidem
1659 2067 1793 2104 infinita
1808 2071 1918 2107 libere
1936 2072 2013 2108 vult
2037 2075 2169 2122 objefta
2183 2074 2277 2112 finita
2291 2104 2301 2114 .

1347 2119 1446 2155 Nam
1472 2117 1640 2154 voluntas
1664 2130 1730 2154 non
1750 2118 1799 2155 est
1832 2126 2043 2167 principium
2077 2125 2303 2163 necessarium

1345 2167 1567 2218 producendi
1580 2169 1731 2215 aliquem
1748 2181 1907 2207 amorem
1920 2171 2068 2219 alicujus
2080 2173 2207 2220 objefti
2220 2176 2301 2220 ‚nifi

1348 2219 1433 2255 fit&
1452 2216 1676 2254 necessarium
1708 2223 1919 2266 principium
1943 2224 2081 2260 arnandi
2109 2217 2192 2262 illud
2203 2226 2300 2271 obie-

1347 2268 1444 2306 ctum
1456 2295 1465 2305 .
1491 2268 1527 2304 Si
1555 2279 1672 2304 autem
1699 2269 1862 2312 voluntas
1886 2270 2020 2310 infinita
2044 2274 2138 2311 foret
2153 2268 2301 2312 necessa·

1348 2320 1439 2357 rium
1456 2322 1662 2365 principium
1679 2319 1820 2355 amandi
1831 2319 2014 2369 objeftum
2029 2323 2166 2364 finitum
2181 2353 2192 2369 ‚
2214 2336 2302 2362 tunc

1347 2369 1508 2419 profesto
1521 2368 1708 2405 neceffario
1733 2370 1896 2418 diligeret
1924 2384 2064 2410 omnem
2087 2385 2304 2413 creaturam:

1346 2419 1481 2458 constat
1495 2430 1614 2456 autern
1627 2420 1735 2456 libere
1748 2420 1924 2457 duntaxat
1936 2424 2037 2468 velle,
2051 2424 2083 2459 8<
2093 2437 2214 2463 amare
2227 2431 2303 2463 exi-

1349 2471 1474 2508 stentia
1488 2481 1633 2519 quaeque
1646 2480 1693 2506 ex
1707 2475 1859 2515 ratione,
1871 2484 1938 2518 qua
1952 2472 2023 2511 sunt
2037 2475 2175 2522 objefta
2191 2475 2304 2513 finita:

1350 2534 1436 2568 ergo
1449 2526 1581 2567 pariter
1598 2519 1701 2555 libere
1714 2521 1828 2567 diligit
1856 2534 1974 2558 omnia
2004 2525 2166 2563 amabilia
2180 2553 2191 2570 ,
2207 2530 2302 2564 inter

1348 2584 1424 2620 quae
1437 2570 1671 2618 comparanda
1691 2569 1764 2606 sunt
1784 2571 1851 2620 ipsa
1865 2573 2054 2618 possibilia,
2067 2588 2244 2622 quatenus
2259 2577 2302 2613 de

1348 2624 1504 2659 bonitate
1517 2620 1636 2657 divina
1650 2625 1860 2669 participant
1876 2635 1884 2656 :
1898 2622 1931 2657 8(
1946 2627 2027 2671 quia
2041 2638 2084 2662 eo
2098 2638 2218 2662 amore
2233 2638 2303 2663 non

1348 2672 1583 2709 eattrahuntur
1596 2681 1642 2706 ex
1653 2670 1773 2706 ordine
1791 2672 2006 2719 possibilium
2023 2686 2032 2707 ε
2048 2675 2127 2711 ideo
2139 2675 2304 2713 inefficax

1347 2723 1527 2759 duntaxat
1544 2719 1592 2757 est
1604 2748 1614 2764 ,
1649 2712 1682 2756 8(
1697 2721 1866 2768 quaedam
1895 2721 2037 2769 simplex
2050 2727 2307 2773 complacentia.

1345 2774 1583 2810 vol'untatisin
1598 2772 1665 2807 illis
1677 2798 1687 2815 ‚
1717 2772 1750 2806 8(
1767 2772 1811 2807 de
1837 2771 1903 2807 illis
1915 2774 2233 2813 nullamrationem
2246 2778 2306 2813 ha-

1344 2822 1510 2862 bentibus
1524 2820 1713 2858 neceffario
1726 2822 1938 2860 terminandi
1972 2822 2091 2862 ac'tum
2104 2825 2307 2864 dilestionis

1344 2873 1474 2910 divinae
1488 2872 1678 2909 voluntatis
1691 2900 1701 2910 .

1396 2923 1459 2960 Ao
1478 2922 1738 2963 Anemuri-im
1758 2948 1767 2958 .
1784 2922 1840 2959 Ad
1853 2927 2004 2970 primum
2022 2926 2214 2970 respondeo
2231 2926 2304 2962 sic:
2333 2925 2494 2984 03031154·
2508 2927 2551 2951 ¹⁶·

1344 2975 1511 3009 voluntas
1522 2971 1642 3008 divina
1655 2972 1844 3009 necessario
1856 2974 1962 3011 habet
1972 2974 2091 3012 aetum
2103 2978 2197 3013 circa
2209 2978 2309 3025 obje·.
2332 2958 2514 3020 ffssxisn'zossm

1345 3023 1442 3059 &tum
1461 3020 1631 3059 infinitum
1645 3051 1654 3066 ,
1665 3027 1746 3071 quia
1761 3023 1792 3058 id
1803 3022 1850 3058 est
1863 3024 2094 3070 perfefflonis
2110 3037 2118 3058 :
2147 3028 2165 3062 ὲ
2180 3039 2304 3063 contra

1346 3085 1435 3109 vero
1445 3084 1513 3108 non
1527 3071 1714 3108 necessario
1726 3072 1833 3108 habet
1869 3072 1987 3111 astum
2016 3077 2106 3112 circa
2120 3076 2304 3124 objeetum

1346 3122 1482 3159 finitum
1498 3149 1509 3165 ‚
1526 3126 1608 3168 quia
1621 3121 1701 3158 effet
1726 3121 2004 3170 imperfectionis
2032 3130 2065 3160 in
2095 3126 2164 3173 ipsa
2183 3139 2193 3161 ε
2224 3139 2306 3163 nam

1345 3171 1626 3220 imperseftionis
1640 3172 1686 3208 est
1698 3171 1888 3210 necessario
1899 3174 2126 3211 determinari
2139 3176 2184 3213 ad
2196 3176 2310 3223 poste·

1345 3229 1442 3265 rius,
1477 3222 1509 3258 &
1525 3220 1752 3269 perfeetionis
1770 3222 1939 3271 requisitae
1951 3223 1998 3259 est
2010 3223 2054 3260 fic
2081 3224 2307 3263 determinari

1346 3274 1391 3311 ad
1406 3275 1501 3321 prius
1512 3299 1523 3315 ‚
1555 3271 1587 3306 8(
1599 3271 1821 3318 perfeftionis
1838 3275 2114 3311 coneoniitantis
2137 3277 2182 3312 ad
2196 3276 2280 3312 illud
2291 3302 2304 3320 ‚

1347 3321 1442 3373 quod
1458 3321 1506 3358 est
1519 3320 1615 3357 simul
1631 3332 1754 3357 natura
1777 3349 1786 3357 .
1813 3320 1883 3357 Etfi
1897 3335 1983 3371 ergo
1994 3324 2171 3372 possibilia
2195 3329 2304 3374 parti-

1344 3378 1468 3421 cipent
1481 3373 1542 3408 suo
1554 3371 1661 3406 modo
1674 3371 1833 3407 divinam
1847 3371 2056 3419 bonitatem,
2070 3387 2174 3422 atque
2191 3373 2304 3424 perfe—
2361 3377 2365 3380 ”

1345 3423 1502 3460 &ionem
1515 3449 1526 3465 ‚
1542 3432 1589 3456 ex
1603 3433 1646 3457 eo
1660 3421 1795 3457 tantum
1809 3421 1959 3468 sequitur
1975 3424 2066 3471 posse
2084 3428 2219 3468 amari,
2243 3435 2306 3461 aut

1346 3476 1457 3511 etiam
1471 3470 1514 3507 de
1526 3469 1621 3508 fatto
1633 3475 1826 3508 terminare
1840 3471 2031 3523 {implicem
2063 3473 2181 3510 aetum
2207 3487 2310 3511 com-

1349 3525 1528 3572 placentiae
1540 3522 1735 3557 voluntatis
1746 3521 1877 3557 divinae
1889 3550 1901 3565 ,
1926 3523 1980 3558 sed
2009 3536 2078 3559 non
2113 3523 2303 3561 neeess‘ario

1349 3581 1530 3618 utcunque
1548 3571 1673 3616 diligi,
1698 3571 1778 3605 cum
1796 3571 1874 3620 ipsis
1887 3584 1952 3608 non
1968 3572 2054 3609 adsit
2066 3577 2161 3610 ratio
2190 3573 2304 3611 neces-

1346 3622 1437 3660 sario
1461 3618 1672 3656 terminandi
1696 3619 1816 3656 aftuin
1841 3620 2046 3667 {impliciter
2069 3623 2306 3669 independen-

1348 3681 1420 3708 tem
1433 3696 1445 3713 ,
1464 3670 1636 3706 &summe
1648 3669 1877 3706 neceffarium
1893 3674 2076 3708 volitionis
2102 3672 2173 3709 Dei
2196 3699 2206 3707 .
2232 3673 2307 3711 Sed

1348 3720 1550 3767 urgebatur
1560 3731 1597 3755 in
1613 3729 1847 3766 argumento:
1871 3720 2050 3758 Possibilia
2063 3722 2141 3757 sunt
2153 3723 2305 3760 necessa-

1349 3774 1408 3809 rio
1417 3774 1512 3807 entia
1527 3769 1585 3812 ,8ι
1601 3769 1714 3804 bena:
1739 3778 1833 3817 ergo
1845 3769 2040 3807 necessario
2065 3772 2231 3809 voluntas
2254 3773 2308 3809 di·

1345 3824 1433 3861 vina
1452 3818 1563 3859 fertur
1581 3818 1783 3917 Γυὸοὶϋὶι.
1802 3829 1842 3857 ut
1868 3819 1969 3868 super
1980 3825 2232 3881 participantia
2255 3834 2312 3860 ra.

1725 3879 1748 3907 2
2195 3880 2264 3908 tie-
