2650 4142
383 248 525 345 <imino
538 311 693 351 rationis,
710 307 740 343 8:
758 320 801 342 eo
819 308 1028 345 sublimioris
1042 311 1251 348 excellentie
1266 322 1336 349 tres

385 360 482 401 sunt,
495 359 527 393 ὃ(
540 359 706 393 dicuntur
721 385 730 400 ‚
744 369 814 404 quo
830 359 892 394 illi
904 360 1074 406 tressum·
1085 372 1192 395 mmm
1205 388 1214 402 ,
1238 355 1336 398 vBoe-

384 411 454 443 tius
469 411 584 453 itaque
600 407 816 443 removendo
832 408 849 444 a
866 412 979 453 primo
1000 421 1137 445 ornnem
1154 423 1336 447 numerum

381 461 439 505 qui
459 457 555 492 cadit
585 455 602 491 ἐι
634 456 834 504 penitissima
862 456 916 492 illa
948 459 1082 493 unitate
1100 487 1109 501 ,
1138 472 1207 494 non
1235 473 1336 507 negat

381 508 657 543 aliumaltiorern
676 506 953 553 illicongruere‚
976 512 1034 555 qui
1057 522 1120 544 non
1151 510 1190 544 sit
1209 516 1337 557 reperi-

381 558 458 593 bilis
474 561 505 591 in
519 559 657 593 caeteris
685 555 812 592 habere
837 559 1096 604 nequeuntibus
1115 572 1238 606 parem
1260 566 1336 598 uni-

379 616 491 643 tatem
505 632 515 642 .

429 656 488 690 Ad
504 654 687 691 secundum
699 655 776 691 dico
791 655 962 704 quast-30.
975 667 1042 692 art.
1055 662 1177 705 primo
1192 661 1233 694 in
1245 664 1334 696 inci·

377 705 876 741 dentizdeclaratumemtiffe
887 733 896 747 ‚
909 707 1063 754 qualiter
1077 708 1093 744 :i
1111 713 1223 755 primo
1237 715 1334 754 prin-

375 758 471 802 cipio
485 755 588 801 longe
604 754 726 789 absunt
743 758 892 791 rationes
917 761 1030 791 totius
1044 784 1053 799 ‚
1074 759 1105 793 8<
1129 762 1240 804 pernis
1253 788 1262 802 ,
1286 761 1334 795 ob

376 803 548 840 infinitam
565 803 670 851 ipsius
682 803 949 850 simplieitatem.
966 804 1032 840 Etsi
1048 820 1133 850 ergo
1149 821 1334 851 numerus,

373 866 446 902 quo
465 861 694 889 numerantur
710 854 774 889 alia
795 859 889 890 entia
908 857 950 889 ab
964 854 1152 901 ips0‚subsrt
1173 862 1214 892 iis
1227 862 1335 894 rario-

374 904 476 939 nibus
494 903 767 940 involventibus
783 904 1093 949 imperfeftionem:
1106 919 1272 943 numerus
1285 917 1336 943 ta-

376 965 454 988 men
472 953 526 989 ille
544 980 553 996 ,
579 963 650 998 quo
664 951 877 988 subsistentes
895 957 925 989 in
941 954 1080 990 essentia
1100 955 1233 992 infinita
1249 986 1259 1000 ‚
1283 958 1332 992 di-

373 1011 503 1040 cuntur
518 1013 591 1036 tres
603 1028 613 1044 ,
638 1002 823 1037 &interim
851 1003 1020 1039 verissime
1035 1016 1141 1041 unum
1156 1033 1166 1048 ‚
1192 1020 1333 1043 omnem

374 1053 531 1087 excludit
544 1060 752 1096 conceptum
772 1052 881 1086 totius
898 1077 908 1093 ,
941 1054 973 1088 &
991 1059 1125 1099 partis,
1155 1067 1331 1102 quatenus

374 1112 493 1148 partes
507 1101 580 1135 stint
596 1101 816 1136 correlativa:
833 1104 949 1138 totius
962 1104 1077 1151 ,quod
1091 1117 1134 1141 ex
1156 1107 1219 1142 illis
1244 1120 1327 1143 con-

381 1154 504 1186 fiatur.

426 1200 485 1236 Ad
500 1201 640 1235 tertium
656 1199 865 1246 respondeo,
893 1200 1110 1240 declaratum
1137 1206 1207 1253 fam
1220 1206 1329 1249 fuisse,

374 1251 528 1299 qualiter
555 1260 745 1291 numerus,
768 1263 838 1298 quo
869 1252 1039 1289 verissime
1067 1250 1138 1292 tres
1164 1258 1331 1292 dicuntur

376 1301 528 1349 persona:
546 1299 691 1340 divinae,
720 1313 784 1335 non
802 1299 851 1335 est
870 1305 1071 1347 quantitas,
1088 1319 1149 1341 nec
1163 1318 1331 1342 uumerus

375 1351 466 1386 alius
479 1377 490 1392 ‚
517 1361 588 1396 quo
606 1360 834 1385 numerantur
851 1361 971 1388 cratera
986 1360 1083 1389 entia
1098 1354 1115 1390 a
1132 1361 1256 1402 primo:
1274 1357 1332 1391 be-

374 1401 417 1436 ne
434 1411 548 1435 tamen
567 1411 732 1434 numerus
748 1399 940 1437 abstrafius
955 1402 1180 1451 &quantitate
1199 1407 1329 1442 discre-

376 1461 434 1485 ta:
458 1449 554 1497 quod
568 1449 600 1483 8(
613 1458 779 1495 putamus
791 1457 989 1497 exprimere
1006 1454 1146 1491 voluisse
1167 1460 1200 1491 in
1218 1461 1329 1492 citata

378 1500 599 1535 authoritate
614 1498 849 1545 Augustinum
863 1527 872 1535 .

536 1597 1049 1644 ARTlCULUS
1103 1603 1170 1642 IV.

377 1701 516 1737 Utrum
533 1698 600 1734 hoc
617 1709 742 1733 nomen
768 1699 911 1744 person-a
932 1701 1030 1747 possit
1053 1703 1118 1740 esse
1143 1716 1330 1740 commune

697 1749 811 1783 tribus
829 1749 987 1796 personis
1003 1778 1011 1786 .

439 1848 569 1886 Doffor
588 1860 615 1884 r.
630 1849 767 1895 ἅψας.
782 1848 820 1888 55
835 1860 890 1892 τις.
905 1851 944 1883 :⁸71
961 1851 1107 1899 Report.
1122 1853 1272 1889 ibidem.

542 1901 583 1938 ³5.
603 1898 721 1935 Thom.
741 1910 766 1934 r.
778 1907 860 1945 par.
880 1899 992 1947 qfcaest·
1007 1914 1172 1950 30.rnt.4.

493 1995 702 2035 IDETUR
732 1998 880 2044 personae
905 2011 1028 2036 nomen
1057 2002 1122 2038 esse
1149 2015 1217 2039 non
1238 2001 1329 2051 posse

506 2059 693 2083 commune
711 2048 824 2083 tribus
844 2050 998 2094 personis
1014 2079 1021 2085 .
1044 2050 1182 2089 Etenim
1199 2059 1227 2088 in
1242 2065 1329 2088 con-

371 2105 480 2145 ceptu
495 2096 660 2132 essentiali
678 2098 826 2144 persona:
841 2096 938 2132 cadit
953 2102 1335 2138 incommunicabilitas

369 2146 529 2193 opposita
557 2151 705 2191 geminae
722 2148 1073 2186 communicabilitati
1101 2162 1236 2188 naturae
1256 2163 1266 2184 ε
1295 2164 1337 2187 ea

370 2201 466 2231 enim
484 2201 764 2232 communicatur
783 2196 848 2231 suis
875 2197 928 2232 inf
943 2200 1117 2244 rioribus,
1140 2202 1174 2237 &
1188 2212 1228 2238 ut
1249 2202 1339 2250 quod

370 2245 411 2285 <⁷:¹5
424 2257 463 2281 ut
479 2258 543 2293 quo
560 2271 569 2279 .
594 2246 691 2281 sicuti
706 2247 974 2293 inpraeccdentt'
987 2250 1167 2297 quaestione
1186 2256 1268 2297 iaepe
1284 2251 1337 2285 di-

371 2295 468 2330 &um
485 2295 565 2330 suit:
584 2296 653 2331 Sed
667 2296 736 2330 hoc
756 2298 827 2342 ipio
840 2297 933 2341 quod
950 2300 1029 2334 talis
1045 2299 1083 2334 fit
1098 2306 1193 2336 ratio
1209 2303 1351 2336 forma-x

369 2345 415 2379 iis
429 2346 578 2392 personae
594 2370 605 2386 ,
627 2355 802 2391 repugnat
819 2344 877 2379 sibi
894 2358 1110 2395 quaecunque
1140 2363 1183 2385 co
1193 2355 1343 2385 mmuni-

369 2405 426 2429 tas
455 2396 609 2441 alioquin
634 2399 724 2430 enim
749 2394 791 2429 de
814 2396 1177 2436 communicabilitate
1204 2410 1337 2436 naturae

369 2449 569 2480 communis
582 2456 622 2491 pa
632 2446 840 2491 rticiparet:
869 2447 993 2480 necilli
1014 2452 1163 2484 omnino
1179 2462 1333 2497 oppone-

370 2502 470 2529 retur
484 2499 515 2529 in
536 2503 711 2540 conceptu
731 2493 913 2529 essentiali:
929 2507 1016 2540 ergo
1033 2509 1158 2534 nomen
1178 2500 1330 2546 personae

374 2554 442 2577 non
461 2543 509 2579 est
525 2554 712 2579 commune
727 2543 838 2579 tribus
858 2545 1010 2590 personis
1027 2546 1160 2583 divinis
1173 2575 1183 2585 .

422 2592 614 2634 Praeterea,
640 2592 735 2627 Cum
759 2592 902 2639 persona
930 2592 1329 2634 &incommunicabilis

369 2643 584 2684 formaliter,
610 2641 632 2677 fi
664 2641 727 2689 hec
752 2646 841 2678 ratio
867 2643 1029 2689 pluribus
1056 2647 1207 2693 personis
1234 2647 1326 2684 foret

367 2696 569 2727 communis
581 2718 591 2733 ‚
622 2691 782 2736 profetio
797 2690 880 2727 effet
893 2700 1127 2731 communitas
1138 2708 1329 2744 conceptus

370 2743 531 2787 negativi
550 2767 560 2782 ‚
576 2743 631 2774 vel
645 2746 865 2787 negationis:
880 2741 953 2777 Sed
966 2742 1040 2778 fieri
1058 2758 1125 2780 non
1144 2747 1270 2792 potest,
1288 2755 1326 2782 ut

368 2794 510 2836 negatio
525 2788 564 2825 iit
578 2789 734 2836 pluribus
751 2793 950 2826 communis
962 2818 972 2833 ,
1005 2793 1061 2828 nisi
1075 2795 1122 2830 ob
1133 2802 1327 2832 communi·

370 2849 482 2877 tatem
497 2839 742 2875 affirmationis
759 2867 769 2882 ‚
797 2844 854 2875 cui
870 2839 909 2875 fit
923 2841 1026 2877 affixa
1046 2870 1055 2884 ,
1078 2844 1110 2878 8(
1134 2847 1326 2882 necessario

369 2889 609 2935 consequatur
625 2901 636 2932 ς
654 2901 741 2936 ergo
752 2892 921 2936 quoniam
942 2892 1056 2927 tribus
1072 2895 1225 2940 personis
1238 2897 1324 2932 nihil

370 2938 423 2976 est
438 2949 648 2981 commune,
675 2937 734 2973 nisi
756 2938 896 2975 essentia
909 2967 919 2982 ‚
947 2953 1024 2987 quae
1042 2947 1165 2990 utique
1179 2946 1324 2991 persona

366 3000 434 3023 non
452 2987 519 3031 est,
531 2989 679 3035 personae
692 3000 816 3023 nornen
831 2990 914 3025 nihil
931 2990 1052 3026 iisdem
1063 3004 1248 3031 commune
1281 2995 1323 3031 si·

367 3037 535 3084 gnfflcare
548 3062 558 3079 ‚
584 3037 826 3085 &importare
841 3038 959 3086 potest
975 3067 984 3076 .

419 3087 611 3130 Praeterea,
628 3087 882 3134 oppositorum
906 3089 1031 3126 eadem
1050 3092 1098 3128 est
1113 3097 1215 3129 ratio:
1231 3107 1325 3131 com·

368 3136 581 3173 municabile
597 3146 716 3172 autem
734 3164 745 3180 ,
768 3138 1143 3178 &incommunicabile
1160 3144 1321 3192 opposita

369 3187 471 3222 sunt:
498 3187 607 3233 igitur
624 3186 749 3222 eadem
777 3187 827 3223 est
844 3191 937 3224 ratio
961 3199 1221 3238 utrorumque:
1248 3195 1320 3230 Sed

367 3236 658 3272 communicabile
669 3238 798 3284 precise
812 3241 984 3283 importat
997 3240 1191 3287 respeaum
1205 3249 1320 3280 ratio·

364 3290 438 3321 nis:
469 3285 608 3321 essentia
622 3290 712 3321 enim
728 3290 1012 3323 communicatur
1025 3291 1136 3326 tribus
1152 3294 1318 3338 perionis:

365 3348 432 3382 que
450 3334 674 3369 nihilominus
689 3337 788 3370 unica
806 3336 855 3372 est
868 3337 1011 3373 indivisa
1025 3366 1035 3381 ‚
1049 3340 1081 3374 8(
1095 3341 1320 3378 indivisibilis

368 3384 610 3431 inoinnibusfi
667 3386 774 3430 igitur
818 3389 1148 3427 incommunicabile
1182 3393 1317 3438 pariter

366 3437 436 3470 erit
452 3432 626 3480 respeflus
638 3438 807 3469 rationis:
835 3435 993 3484 adeoque
1008 3439 1095 3475 nihil
1122 3441 1188 3477 esse
1213 3441 1323 3488 potest

365 3495 554 3518 commune
581 3483 696 3519 tribus
722 3484 878 3532 personis
902 3514 913 3529 ,
938 3486 996 3522 nisi
1020 3489 1147 3537 aliquis
1172 3494 1321 3527 rationis

367 3532 546 3580 respettus
562 3559 571 3568 .

411 3583 575 3630 Preterea
587 3610 596 3625 ‚
622 3583 738 3618 Omne
752 3596 936 3623 commune
945 3587 1103 3632 pluribus
1120 3592 1324 3633 univocum,

365 3633 397 3667 &
415 3632 616 3668 distincftum
631 3660 642 3676 ‚
666 3633 698 3667 8(
717 3634 952 3680 plurificatum
980 3642 1010 3671 in
1035 3643 1105 3681 εἰς,
1131 3640 1256 3675 dicitur
1277 3639 1323 3676 de

365 3682 431 3716 illis
451 3682 631 3717 secundum
643 3684 796 3730 aliquam
823 3690 998 3721 rationem
1016 3689 1242 3727 universalis:
1266 3700 1323 3724 er·

363 3731 445 3777 goii
465 3732 607 3777 persona
625 3744 830 3780 conceptum
848 3735 1007 3780 pluribus
1020 3749 1241 3774 communem
1260 3742 1324 3772 im-

365 3791 523 3827 portaret
537 3807 546 3822 ,
561 3777 736 3817 diceretur
746 3782 789 3818 de
805 3785 858 3818 his
877 3784 1063 3821 secundum
1085 3789 1239 3834 aliquam
1267 3799 1324 3823 ra-

362 3832 496 3866 tionem
508 3832 725 3867 universalis:
738 3846 806 3868 non
822 3834 961 3870 videtur
977 3847 1100 3873 autern
1113 3841 1324 3875 conveniens

897 217 948 284 S
949 213 1204 300 ammae]
1206 227 1420 291 oannis
1446 216 1618 284 Dum
1635 216 1683 283 S
1686 218 1805 284 coti
1813 274 1825 285 .

1405 309 1598 344 transferre
1627 309 1670 344 ad
1695 309 1819 344 divina
1836 309 2274 345 secundamintentionem
2301 312 2375 344 uni·

1401 359 1555 400 vermis,
1568 359 1599 394 8(
1620 360 1732 394 multo
1746 362 1860 394 minus
1878 363 2111 395 intentionem
2129 364 2280 405 primam
2297 360 2373 394 uni-

1402 408 1570 443 versalis:
1588 413 1670 454 quia
1688 420 1731 443 eo
1748 419 1921 455 conceptu
1940 408 2035 444 aliud
2049 421 2115 444 non
2130 410 2365 453 intelligimus

1402 457 1457 493 nisi
1473 459 1646 503 quandam
1657 458 1882 505 potentialem
1900 458 2100 494 realitatem
2114 485 2124 500 ‚
2147 469 2224 505 quae
2240 459 2360 494 locum

1403 519 1471 543 non
1486 507 1594 541 habet
1609 512 1641 542 in
1658 516 1735 542 ente
1751 506 1891 542 infinita:
1907 507 2123 543 aequalitatis
2136 534 2144 542 .
2180 542 2182 545 .

1450 556 1635 598 Praeterea,
1652 557 1806 593 Personoe
1825 555 1956 592 divinae
1972 556 2090 602 primo
2104 555 2370 600 constituuntur,

1402 603 1437 638 δι
1462 605 1720 651 distinguuntur
1736 605 1901 643 ultimate
1929 606 2083 653 propriis
2112 606 2366 654 personalitati-

1402 654 1480 697 bus,
1497 655 1549 691 seu
1562 657 1645 690 talia
1657 653 1886 692 constitutiva
1899 656 1962 691 sint
1979 655 2182 698 relationes,
2193 657 2223 691 in
2240 656 2367 702 quibus

1404 704 1469 740 bus
1483 732 1492 746 ,
1507 709 1753 751 exprimuntur
1768 708 1799 741 in
1820 702 1928 742 Sacra
1943 707 2127 753 Scriptura
2147 732 2157 748 ‚
2181 707 2234 740 seu
2250 705 2365 753 alique

1403 759 1562 790 rationes
1590 755 1774 790 absolutae:
1801 755 1870 792 Sed
1886 758 1953 799 iis,
1979 767 2057 803 quae
2083 756 2211 790 ultimo
2242 756 2364 802 aliqua

1405 803 1619 840 constituunt
1645 832 1656 847 ,
1686 806 1807 851 nequit
1844 804 1908 841 esse
1940 804 2138 853 quidquam
2153 816 2357 839 commune:

1406 853 1594 900 Supposito
1607 856 1697 889 enim
1713 880 1723 895 ‚
1749 854 1846 902 quod
1863 855 2025 891 ultimate
2052 854 2169 901 aliqua
2184 856 2292 890 certis
2308 866 2365 889 ra-

1403 903 1563 938 tionibus
1588 903 1866 947 constituantur‚
1896 903 1957 941 sint
1981 913 2127 950 oportet
2147 903 2361 939 adinvicem

1404 957 1517 999 primo
1529 953 1664 988 diversa
1678 981 1687 995 ‚
1714 966 1755 990 ac
1782 959 1814 990 in
1830 955 1924 990 nullo
1938 957 2079 1000 penitus
2102 957 2363 990 convenientiaz

1403 1001 1462 1037 nisi
1478 1002 1568 1038 forte
1583 1002 1791 1040 admittatur
1809 1003 1984 1053 processus
2005 1007 2034 1038 in
2055 1001 2249 1038 infinitum:
2277 1015 2362 1049 ergo

1405 1052 1556 1099 persona:
1570 1065 1694 1088 nomen
1721 1066 1787 1090 non
1808 1054 1981 1102 praesefert
2008 1052 2150 1100 aliquod
2176 1064 2364 1089 commune

1404 1102 1520 1137 tribus
1539 1103 1693 1149 personis
1712 1130 1721 1139 .
2123 1107 2127 1113 ’

1453 1151 1626 1189 CONTRA
1648 1180 1658 1194 ,
1678 1153 1846 1200 Magister
1862 1166 1890 1190 r.
1907 1151 2242 1200 dist.23.cap.Pater.
2259 1150 2364 1202 Qd

1404 1213 1488 1248 ergo
1500 1212 1574 1236 tres
1588 1205 1660 1239 ,JSJ‘
1672 1212 1746 1238 tres
1751 1205 1910 1251 peyfimae
1921 1230 1931 1246 ‚
1959 1207 2066 1250 inquit
2080 1230 2090 1245 ‚
2106 1205 2170 1250 este
2182 1203 2367 1244 dicuntur,

1405 1263 1579 1287 commune
1590 1252 1636 1299 est
1653 1256 1704 1287 eis
1723 1255 1763 1288 ill
1777 1255 1866 1301 quod
1876 1253 2027 1300 persona
2046 1253 2094 1300 est
2111 1279 2119 1287 .
2149 1252 2257 1288 Certe
2270 1256 2365 1287 enim

1404 1305 1491 1349 quia
1506 1303 1616 1339 Pater
1630 1302 1676 1349 cst
1689 1305 1840 1350 pedona
1853 1331 1863 1345 ,
1882 1303 1921 1343 ᾤ’
1947 1303 2064 1340 Filius
2075 1301 2123 1349 est
2133 1304 2284 1349 persiana
2297 1329 2306 1344 ,
2323 1302 2362 1343 ᾤ’

1402 1354 1570 1398 Spiritus
1582 1353 1731 1389 ΛῩιιηὲἵιις
1744 1353 1790 1400 <ss
1797 1353 2043 1400 peisbnajdeo
2056 1362 2132 1388 tres
2138 1353 2295 1398 personat
2305 1353 2362 1387 di-

1401 1412 1539 1437 cuntur.
1546 1403 1739 1449 Propterea
1749 1416 1831 1449 ergo
1843 1406 1980 1438 dicitur
1989 1412 2063 1438 tres
2072 1403 2245 1449 paslmus
2255 1429 2267 1446 ‚
2279 1405 2364 1451 quia

1403 1463 1575 1487 commune
1590 1451 1637 1497 est
1652 1455 1702 1486 eis
1719 1453 1759 1487 id
1771 1455 1862 1500 quod
1865 1453 2018 1500 persona
2032 1452 2080 1498 est
2095 1473 2105 1479 -

1455 1501 1691 1538 RespoNoeo
1704 1529 1714 1544 ,
1747 1503 1865 1550 Aliqui
1884 1512 2032 1550 propter
2045 1501 2234 1549 Augustini
2248 1502 2367 1538 austo-

1402 1555 1548 1586 ritatem
1563 1578 1573 1593 ,
1600 1553 1677 1598 7.de
1696 1553 1831 1587 Trinit.
1846 1562 1919 1598 cap.
1935 1564 1966 1598 4.
1981 1551 2020 1592 ἐς
2034 1552 2103 1587 6-8(
2122 1553 2228 1588 verba
2246 1552 2364 1599 Magi-

1402 1600 1461 1635 stri
1489 1601 1587 1646 supra
1607 1602 1738 1642 relata,
1761 1613 1890 1646 negare
1919 1612 1986 1636 non
2015 1601 2190 1637 audentes
2216 1603 2366 1647 personae

1401 1661 1530 1685 nomen
1549 1649 1613 1685 eise
1626 1650 1737 1685 tribus
1754 1662 1940 1686 commune
1954 1677 1964 1693 ,
1991 1661 2033 1684 ac
2046 1653 2226 1686 numerari
2240 1662 2277 1687 re
2296 1652 2367 1700 ipsa.

1402 1704 1436 1735 in
1452 1705 1501 1734 eis
1518 1725 1527 1741 ‚
1558 1708 1596 1735 ut
1615 1699 1783 1736 verissime
1799 1699 1861 1735 sint
1877 1709 1950 1736 tres
1979 1701 2130 1746 personae
2147 1701 2277 1736 divinae
2296 1728 2308 1743 ,
2332 1701 2365 1738 &

1401 1762 1468 1784 non
1499 1761 1588 1791 una,
1611 1760 1649 1785 ut
1671 1750 1930 1797 blasphemabat
1955 1750 2157 1786 Sabellius:
2188 1750 2358 1787 dixerunt

1400 1799 1551 1845 persona:
1569 1804 1708 1834 nomine
1727 1803 1899 1845 exprimi,
1935 1810 1976 1835 ac
2003 1799 2186 1846 significari
2221 1802 2362 1846 praecise

1402 1852 1632 1885 intentionem
1653 1849 1834 1885 secundam
1848 1876 1859 1892 ‚
1883 1860 1948 1885 non
1962 1849 2104 1897 quidem
2123 1855 2152 1888 in
2170 1849 2363 1894 abstratfko,

1404 1899 1503 1936 sedin
1523 1908 1691 1936 concreto
1704 1926 1714 1942 ,
1743 1911 1788 1935 ex
1805 1910 1877 1946 quo
1894 1897 1949 1942 fit,
1979 1909 2018 1934 ut
2036 1900 2130 1937 refte
2155 1900 2364 1948 praedicetur

1401 1949 1444 1984 de
1455 1960 1493 1986 re
1512 1954 1621 1997 prime
1646 1951 1847 1985 intentionis
1860 1976 1870 1992 ,
1895 1960 1937 1984 ac
1954 1951 2036 1985 vere
2059 1950 2228 1997 supponat
2243 1962 2309 1997 pro
2325 1952 2373 1991 il-,

1401 2001 1433 2036 la
1450 2025 1459 2034 .
1487 1999 1597 2036 Ratio
1615 2008 1735 2035 autem
1747 1999 1836 2035 unde
1851 2001 1935 2034 moti
1953 1998 2081 2036 suntad
2110 1999 2147 2034 id
2179 2000 2361 2036 adstruen-

1401 2049 1486 2084 dum
1500 2049 1546 2085 est
1561 2050 1634 2087 ista:
1652 2048 1966 2096 Qemaclmodum
1977 2048 2202 2086 individuum
2217 2055 2362 2097 proprie

1400 2098 1448 2135 est
1467 2101 1499 2134 in
1514 2108 1639 2136 natura
1655 2099 1861 2135 substantiali
1880 2127 1891 2142 ,
1904 2103 1955 2136 ita
1970 2100 2112 2146 persona
2124 2102 2157 2135 in
2167 2110 2292 2136 natura
2305 2101 2354 2136 in-

1403 2149 1592 2185 telleftuali
1613 2161 1620 2183 :
1652 2149 1725 2186 Sed
1740 2149 1962 2185 individuum
1979 2175 1990 2190 ‚
2019 2149 2052 2184 8(
2079 2148 2293 2197 suppositum
2310 2150 2360 2186 di-

1401 2208 1485 2234 cunt
1500 2209 1633 2236 tantum
1649 2211 1722 2235 rem
1735 2202 1935 2235 intentionis
1951 2199 2128 2235 secundae:
2164 2211 2250 2245 ergo
2266 2204 2361 2246 pari-

1398 2249 1494 2285 ter&
1513 2250 1673 2297 persona.
1698 2248 1868 2303 Qsane
1881 2247 2050 2285 sententia
2079 2249 2182 2284 nobis
2206 2261 2275 2284 non
2306 2254 2361 2286 vi-

1400 2298 1503 2335 detur
1522 2298 1722 2347 probanda:
1755 2298 1851 2333 Nam
1878 2299 2152 2346 quotiescunque
2168 2297 2186 2335 a
2202 2298 2360 2336 formali·

1401 2349 1714 2385 busconstitutivis
1729 2349 1924 2395 aliquorum
1941 2348 2055 2395 potest
2066 2347 2240 2385 efformari
2255 2361 2321 2386 con
2335 2371 2352 2379 -

1402 2409 1525 2447 ceptus
1538 2399 1733 2435 communis
1748 2403 1857 2446 prime²
1878 2400 2087 2435 intentionis
2102 2427 2113 2443 ‚
2143 2399 2256 2434 multo
2279 2411 2355 2436 ma-

1399 2454 1455 2494 gis
1483 2449 1636 2485 abstrahi
1654 2453 1784 2494 poterit
1800 2447 1818 2484 a
1833 2447 2030 2484 constitutis
2058 2461 2118 2496 per
2133 2449 2212 2484 illa:
2244 2449 2318 2485 Sed
2337 2448 2357 2486 ἐι

1400 2500 1627 2535 relationibus
1638 2497 1787 2534 constitu
1799 2499 1935 2541 entibus
1946 2498 2109 2544 personas
2132 2498 2275 2534 divinas
2302 2500 2358 2535 ab·

1402 2549 1587 2585 strahibilis
1617 2546 1665 2584 est
1682 2558 1878 2595 conceptus
1893 2552 2088 2583 communis
2107 2549 2225 2594 primae
2250 2553 2356 2585 inten-

1402 2603 1619 2644 tionis3ergo
1637 2598 1853 2645 potiorijure
1866 2597 2275 2644 idipsumsaffirmandum
2289 2603 2357 2636 erit

1401 2649 1443 2684 de
1457 2649 1588 2684 divinis
1605 2648 1776 2695 personis.
1796 2647 1966 2682 Probatio
1984 2651 2142 2683 minoris:
2155 2647 2354 2685 Paternitas

1401 2698 1449 2735 est
1463 2700 1589 2734 relatio
1600 2725 1610 2740 ,
1627 2697 1658 2732 8(
1673 2696 1796 2733 filiatio
1810 2695 1987 2732 similiter:
2012 2710 2098 2744 ergo
2112 2699 2238 2734 relatio
2263 2697 2355 2734 dici-

1401 2750 1513 2783 turde
1536 2752 1586 2784 eis
1613 2748 1789 2783 univoce.
1816 2747 1912 2782 Nam
1937 2746 2002 2782 stat
2028 2747 2122 2794 apud
2147 2747 2358 2785 inteliettum

1401 2798 1583 2834 certitudo
1594 2798 1635 2833 cle
1649 2806 1824 2845 conceptu
1850 2797 2033 2832 relationis
2049 2798 2092 2832 ad
2117 2801 2209 2833 intra
2225 2824 2236 2840 ,
2258 2798 2291 2833 &
2307 2804 2358 2835 in-

1402 2854 1509 2884 terim
1527 2848 1691 2883 dubitare
1706 2848 1833 2896 potest,
1860 2858 2018 2894 quaenam
2033 2847 2156 2883 relatio
2173 2847 2213 2883 sit
2227 2846 2353 2884 filiatio

1400 2910 1466 2941 ne,
1493 2911 1532 2933 an
1549 2902 1769 2941 paternitas.)
1785 2896 1865 2931 Nec
1896 2895 2076 2932 certitudo
2101 2898 2158 2933 iila
2186 2897 2233 2934 est
2259 2901 2355 2936 circa

1399 2960 1526 2983 vocem
1540 2947 1751 2989 dumtaxat,
1765 2946 1820 2981 sed
1835 2944 1878 2981 de
1890 2954 2066 2993 conceptu
2084 2947 2282 2996 reali,cujus
2297 2961 2354 2984 ra-

1398 3002 1452 3035 tio
1462 2997 1510 3034 est
1524 2997 1568 3033 ad
1588 2996 1681 3032 aliud
1701 2996 1731 3031 se
1746 2997 1886 3030 babere:
1901 3005 2097 3042 conceptus
2112 3009 2199 3044 ergo
2210 2999 2266 3034 ille
2278 3010 2357 3035 cer·

1400 3058 1462 3084 tus
1473 3048 1514 3083 de
1529 3046 1697 3082 relatione
1725 3050 1754 3081 in
1770 3049 1948 3080 communi
1966 3044 2013 3081 est
2026 3046 2114 3082 alius
2131 3046 2150 3082 a
2171 3053 2354 3094 concepti-

1399 3098 1466 3133 bus
1482 3095 1686 3143 specialibus
1701 3093 1911 3141 singularum
1926 3095 2146 3139 relationum,
2160 3097 2201 3132 de
2219 3099 2349 3145 quibus

1399 3146 1595 3183 intelleftus
1609 3145 1781 3191 ambigit:
1807 3144 1828 3179 si
1848 3147 1959 3190 igitur
1983 3145 2016 3181 id
2032 3150 2152 3182 evenit
2180 3151 2213 3182 in
2231 3147 2354 3183 consti·

1397 3196 1581 3232 tuentibus
1608 3195 1770 3240 personas
1783 3222 1794 3238 ‚
1815 3195 1926 3229 multo
1953 3194 2081 3231 fortius
2110 3195 2127 3232 ἐι
2159 3196 2353 3233 constitutis

1398 3258 1461 3293 per
1478 3247 1541 3282 has
1556 3245 1743 3280 relationes
1760 3247 1893 3290 poterit
1905 3243 2059 3280 abstrahi
2087 3248 2204 3292 aliqua
2219 3259 2275 3283 res
2290 3251 2356 3294 pri-

1397 3308 1460 3330 rnae
1476 3296 1679 3330 intentionis
1692 3321 1699 3329 .
1717 3293 1859 3330 Deinde
1872 3320 1882 3335 ‚
1895 3292 2022 3329 Omnis
2038 3295 2182 3332 secunda
2199 3299 2348 3334 intentio

1395 3344 1444 3382 est
1459 3347 1588 3381 relatio
1603 3347 1770 3379 rationis:
1785 3355 1850 3379 non
1866 3344 2030 3387 equidem
2042 3357 2256 3395 quaecunque
2271 3375 2282 3389 ,
2295 3346 2350 3382 sed

1393 3407 1469 3441 quae
1482 3395 1623 3441 proprie
1638 3398 1790 3440 pertinet
1804 3392 1849 3428 ad
1860 3391 1977 3428 aetum
1991 3395 2193 3431 intelleffis
2204 3409 2352 3445 compo·

1394 3449 1506 3480 nentis
1537 3471 1547 3486 ‚
1583 3444 1641 3479 vel
1664 3444 1860 3478 dividentis
1874 3470 1884 3485 ,
1914 3445 1970 3478 vel
1997 3444 2112 3480 saltem
2129 3446 2348 3481 conferentis

1392 3506 1502 3530 unum
1519 3493 1561 3528 ad
1571 3493 1765 3529 aliud.Non
1781 3497 1869 3528 enim
1885 3493 2047 3528 causatur
2071 3494 2215 3530 secunda
2243 3498 2354 3530 inten-v

1392 3548 1463 3586 tio,
1490 3541 1547 3578 nisi
1564 3555 1624 3589 per
1640 3542 1758 3578 aslum
1788 3542 1989 3578 intellestus
2015 3547 2231 3589 negotiantis
2258 3549 2353 3580 eirca

1393 3606 1468 3628 rem
1484 3597 1603 3640 primoe
1617 3596 1818 3628 intentionis
1832 3604 1841 3626 ;
1875 3603 1914 3628 ut
1929 3603 2009 3627 cum
2024 3604 2129 3626 unum
2157 3592 2201 3627 de
2216 3593 2285 3627 alio
2301 3594 2349 3629 ,af-

1393 3642 1579 3683 firmatur,
1599 3653 1660 3678 aut
1677 3652 1853 3688 negatur,
1884 3651 1943 3677 aut
1968 3639 2013 3676 ad
2038 3643 2191 3677 invicem
2209 3653 2350 3690 compa-

1393 3702 1537 3727 rantur.
1556 3693 1593 3726 Si
1614 3694 1725 3737 igitur
1738 3691 1886 3738 personae
1903 3694 2038 3725 nomine
2056 3691 2127 3725 iiaec
2140 3696 2286 3727 rationis
2300 3703 2354 3728 're-

1393 3743 1478 3777 latio
1492 3743 1773 3788 importaretur,
1788 3738 1976 3776 necessario
1990 3740 2046 3774 hic
2062 3738 2142 3775 esset
2158 3746 2356 3787 coexigen-

1395 3796 1443 3826 tia
1459 3791 1665 3826 correlativi
1681 3818 1692 3834 ‚
1705 3791 1748 3825 ad
1762 3789 1856 3837 quod
1875 3788 2090 3824 referretur:
2111 3794 2193 3837 quia
2209 3791 2355 3837 impolli-

1390 3841 1462 3880 vbile
1482 3838 1529 3876 est
1550 3841 1746 3887 intelligere
1765 3840 1973 3877 relationem
1988 3865 1999 3881 ,
2013 3840 2270 3877 nonintelict‘to
2284 3850 2354 3875 ter-

2220 3901 2314 3926 mino

2395 2605 2439 2635 De
2474 2607 2513 2635 his
2538 2615 2593 2635 ma-

2392 2646 2434 2687 gis
2475 2644 2592 2675 articulo

2385 2685 2401 2724 J
2406 2687 2516 2722 equenn'
2565 2693 2590 2712 ι.

2395 2723 2458 2751 dist.
2474 2729 2520 2752 ισ,
2544 2722 2589 2752 sub

2397 2771 2444 2790 nu.
2462 2763 2591 2797 ·6.§.5e·

2396 2801 2481 2830 cundo
2493 2815 2505 2833 ι,

2393 3287 2515 3315 Intentio
2546 3284 2584 3315 se-

2393 3325 2481 3354 cunda
2517 3333 2581 3360 qua·

2391 3364 2456 3392 liter
2479 3364 2526 3392 siat
2548 3361 2584 3390 se-

2390 3403 2510 3431 cuudum
2525 3403 2583 3430 Do-

2393 3441 2521 3474 ἕξοι-ειη,
2544 3437 2584 3469 sed

2392 3480 2509 3508 videnda
2558 3487 2583 3513 q·

2394 3516 2511 3556 30super
2526 3514 2584 3556 uni?

2391 3555 2540 3594 versalia-{9
2563 3555 2579 3593 ἰ

2390 3593 2524 3632 Porphirii
2550 3608 2555 3613 ·
2577 3594 2581 3610 ·’

2390 3632 2466 3663 huius
2518 3631 2545 3658 ὃ(

2391 3670 2514 3698 Mauritii
2527 3666 2580 3697 <35-

2390 3709 2536 3737 nientarius

2389 3747 2466 3786 super
2486 3745 2578 3784 eadem

2391 3787 2480 3822 quoeil.
2499 3784 2576 3811 rursu:

2389 3823 2519 3854 videndus
