2583 4109
82 172 206 213 dicam
225 166 273 206 de
288 164 438 207 scientia
453 162 676 203 divinarum
693 161 972 216 scripturarum
987 191 997 211 s
1010 175 1087 216 qua
1101 165 1253 205 adeum
1267 169 1433 219 gradum
1448 168 1652 222 praestabat
1665 198 1676 219 ,
1689 170 1847 223 qualem
1863 173 2050 215 testantur
2064 176 2129 227 illi,

69 247 134 286 qui
149 241 226 282 eins
241 222 543 267 commentarios
559 222 597 260 in
612 221 809 273 utriusque
824 223 1063 264 Testamenti
1079 224 1232 264 codices
1249 223 1498 268 difficillimos
1517 230 1702 271 viderunt
1718 233 1733 271 ἒ
1758 233 1845 271 Iure
1860 235 2028 284 proinde
2041 263 2052 283 ,
2080 251 2125 277 ae

67 296 184 337 longe
201 286 325 327 verius
340 295 457 335 quam
475 282 679 322 Socratem
696 280 914 320 Alcibiades
927 283 1088 322 Scotum
1104 283 1342 336 persimilem
1372 286 1521 327 diceret
1535 289 1669 329 Silenis
1684 318 1696 338 ,
1720 291 1787 344 qui
1820 290 1994 332 sedentes
2021 295 2124 335 inter

64 336 152 389 alia}
171 347 355 399 imagines
383 341 404 380 a
432 339 700 394 Sculptoribus
731 337 952 392 figurantur
970 369 980 389 ‚
1012 342 1061 381 ita
1074 352 1115 382 ut
1131 341 1269 383 fistulas
1285 371 1295 391 ‚
1321 342 1481 390 tibiasve
1492 356 1673 397 teneant,
1698 350 1765 401 qui
1784 348 1809 390 fi
1826 350 2006 392 bifariam
2026 354 2124 395 divi-

64 411 208 449 dantur
224 434 235 454 ‚
263 401 510 456 reperiuntur
525 401 624 440 intus
643 400 855 453 imaginem
872 398 1018 441 habere
1033 402 1213 442 Deorum
1227 432 1237 442 .
1264 405 1315 442 Et
1334 405 1432 446 vero
1447 406 1654 446 horridum
1675 409 1862 460 quiddam
1880 408 2038 463 spirans,
2053 413 2127 455 du-

64 483 152 508 rum
167 494 178 514 ‚
211 466 248 503 &
264 459 479 514 subagreste
491 486 502 507 ,
530 459 569 498 δι
584 459 698 498 veluti
716 457 816 511 tibiis
830 457 1022 501 classicum
1038 474 1179 501 canens
1197 461 1350 516 alonge
1364 463 1571 517 personat,
1601 466 1640 504 δε
1652 465 1862 509 obauditur
1875 470 2009 510 Scotus
2025 502 2034 512 .
2049 473 2125 514 Cui

62 526 87 568 fi
106 523 261 580 propius
277 517 471 560 access'eris
488 546 499 566 ‚
525 520 562 558 &
577 519 744 571 pestoris
762 516 857 559 sacri
870 518 1082 572 pervaseris
1102 520 1260 562 recessus
1275 551 1286 570 ,
1316 536 1412 562 mox
1429 536 1566 564 rerum
1581 524 1703 578 longe
1728 529 2126 580 pulcherrimarum-a

59 583 290 640 spectamina
308 608 318 628 ,
345 580 382 618 δι’
400 577 554 618 visenda
567 576 639 617 sese
654 606 664 628 ‚
693 579 732 618 ὃ(
750 578 928 618 manibus
941 578 1057 633 plene
1075 582 1358 622 contrectanda
1371 592 1589 623 occurrunt
1603 614 1612 622 .

175 640 258 692 Qui
273 652 371 693 ergo
388 636 556 677 mirabili
574 635 731 690 prorsus
748 636 920 691 pollebat
934 639 1078 691 ingenii
1094 639 1309 693 praestantia
1327 669 1338 690 ,
1368 642 1408 682 δε
1421 643 1635 696 omnigena
1651 645 1823 685 excultus
1838 656 1922 686 erat
1937 648 2126 689 eruditio-

54 719 107 745 ne
124 733 135 754 ‚
160 699 226 741 etii
245 695 395 740 nonnifi
410 697 614 749 particulas
629 695 816 749 quasdam
831 696 1053 751 insperserit
1064 699 1209 754 scriptis
1224 698 1293 741 suis
1308 729 1320 750 ,
1348 701 1504 754 pervius
1520 701 1591 741 effe
1607 716 1688 742 non
1706 705 1829 757 potest
1845 704 1911 745 nifi
1926 706 1967 757 ijs
1981 735 1993 756 ,
2024 710 2090 760 qui
2103 708 2125 749 e

55 763 190 805 medio
205 760 308 812 vulgi
321 755 539 798 secedentes
555 784 567 809 ¹.
583 769 668 808 quae
686 755 886 797 defluxere
899 757 973 796 alas
988 771 1220 812 recuperare
1237 771 1479 814 occeperunt
1494 790 1504 810 ‚
1527 763 1618 801 utin
1636 763 1805 803 Phaedro
1822 765 1872 804 ait
1885 765 1996 805 Plato
2024 779 2032 805 :
2060 778 2126 807 aut

54 822 218 864 filebras
237 845 248 862 ,
275 813 526 870 scopulosque
541 816 643 856 enixi
658 843 670 863 ,
700 816 891 857 verticem
905 819 1050 858 montis
1063 817 1311 869 insederunt,
1337 819 1402 861 ubi
1416 823 1434 871 (
1445 820 1551 872 juxta
1565 824 1791 876 exemplum
1809 824 2010 878 Augustini
2024 834 2062 867 6.
2080 825 2123 866 de

61 881 200 923 Trinit.
215 882 233 930 >
250 889 350 931 puro
366 878 509 915 aethere
525 873 767 928 perfruentes
786 874 888 916 infra
902 874 936 915 se
951 889 1085 918 aerem
1101 888 1268 919 cernunt
1288 878 1520 922 nebulosum
1537 894 1549 923 2
1576 881 1636 921 De
1651 882 1843 936 imperitia
1876 885 2044 936 proinde
2072 885 2125 925 est

53 941 163 994 quod
178 940 312 979 Scotus
326 933 570 975 insimuletur
582 932 823 974 obscuritatis
842 965 850 974 .
880 935 933 976 Hi
949 936 1129 989 profesto
1147 950 1228 977 non
1245 939 1467 994 intelligunt
1481 939 1516 980 se
1531 941 1650 983 veluti
1680 941 1822 994 judices
1838 943 1990 996 ineptos
2021 943 2124 984 haud

51 1000 177 1042 fidem
194 996 362 1038 faauros
380 992 501 1034 tulille
517 993 746 1034 sententiam
763 995 932 1044 restam,
961 996 1124 1049 quando
1139 998 1373 1037 oculatiores
1393 1009 1549 1040 vertant
1563 1000 1602 1040 in
1619 1001 1919 1042 venerationem
1934 1003 2125 1044 doetrinae

50 1061 133 1110 ejus
148 1089 160 1109 ,
187 1070 271 1110 quae
287 1055 340 1096 isti
353 1053 542 1107 obijciunt
556 1054 596 1093 in
613 1051 900 1107 depressionem
917 1086 926 1095 .
956 1056 1122 1109 Vapulat
1139 1055 1202 1099 sed
1220 1057 1424 1099 immerito
1438 1057 1487 1098 ab
1504 1060 1559 1101 his
1577 1089 1588 1109 ‚
1621 1061 1690 1113 qui
1706 1061 1769 1101 vix
1787 1061 1808 1102 ἐι
1840 1060 1974 1101 limine
1991 1063 2126 1102 Philo·

55 1120 187 1174 sophia
200 1116 375 1163 salutata,
395 1113 611 1166 caeteroqui
628 1113 756 1153 omnis
768 1124 946 1168 expertes
963 1114 1177 1156 necess'ariae
1192 1116 1422 1157 eruditionis
1440 1146 1450 1166 ,
1478 1131 1572 1159 mox
1600 1134 1644 1161 ac
1673 1121 1777 1161 Scoti
1810 1123 2124 1163 commentarios

49 1179 211 1222 sumunt
223 1177 261 1216 in
277 1187 414 1216 manus
432 1173 619 1218 dolent&
633 1184 857 1225 queruntur
873 1188 955 1215 non
968 1174 1120 1215 admitti
1134 1175 1183 1214 ad
1197 1174 1307 1228 ipfius
1322 1174 1625 1219 familiaritatem
1643 1209 1652 1219 .
1676 1180 1784 1220 Belle
1801 1183 1876 1221 huc
1906 1179 1996 1221 facit
2011 1182 2122 1234 quod

52 1248 188 1280 narrat
200 1237 380 1278 Muretus
393 1233 442 1274 de
457 1232 631 1286 quodam
649 1231 827 1277 familiari
840 1232 908 1274 suo
928 1263 938 1285 ,
965 1235 1031 1287 qui
1049 1232 1139 1275 cum
1161 1234 1257 1277 vitio
1273 1237 1388 1276 aetatis
1401 1235 1590 1278 surdaster
1605 1236 1761 1278 effectus
1773 1238 1862 1279 effer
1876 1268 1887 1288 ,
1912 1239 2011 1281 serio
2025 1255 2122 1281 eon-

55 1297 296 1352 querebatur
310 1307 471 1349 pravam
489 1322 499 1342 ‚
528 1292 1172 1346 quaeinolevissetcoi-‚suetudinem
1193 1296 1313 1350 magis
1331 1296 1528 1350 magisque
1546 1295 1757 1337 submissius
1772 1300 1961 1351 loquendi
1981 1331 1989 1339 .
2007 1300 2121 1341 Adeo

55 1357 222 1398 libenter
238 1355 417 1399 homines
430 1352 615 1397 vitiorum
632 1353 860 1394 nostrorum
888 1354 1042 1407 culpam
1058 1354 1097 1395 in
1113 1356 1207 1394 alios
1226 1356 1443 1408 regerimus
1472 1385 1482 1395 .
1507 1356 1581 1396 Sed
1610 1357 1853 1411 deploranda
1882 1360 2040 1399 interim
2069 1361 2122 1402 est

53 1418 240 1471 temporis
253 1415 399 1469 jactura
413 1441 424 1461 ‚
452 1427 572 1466 quam
587 1411 731 1456 faciunt
745 1413 766 1461 ij
782 1442 793 1462 ,
822 1414 890 1459 Qui
908 1415 1136 1470 Theologiae
1148 1413 1388 1456 addiscendae
1405 1414 1512 1456 caufit
1529 1415 1604 1469 ipsa
1618 1416 1725 1457 Scoti
1740 1415 1878 1471 scripta
1909 1418 2095 1461 diurna-2
2108 1448 2119 1469 ,

50 1479 324 1528 nocturnaque
340 1471 495 1514 versant
511 1486 649 1523 manu,
676 1474 714 1512 &
730 1473 849 1527 magis
863 1474 916 1515 illi
929 1474 1193 1530 coarguendi,
1207 1484 1324 1527 atque
1338 1473 1539 1515 incusandi
1551 1504 1562 1524 ,
1573 1477 1681 1530 queis
1698 1478 2119 1530 Tyronum-instruen-

50 1538 197 1576 dorum
212 1547 306 1575 cura
322 1532 557 1576 demandata
567 1532 619 1573 est
634 1561 646 1581 ‚
678 1532 820 1585 eosque
835 1531 996 1580 subinde
1022 1533 1226 1576 necessaria
1255 1532 1450 1588 disciplina
1477 1534 1655 1575 imbuere
1686 1535 1857 1590 impigre
1888 1548 2084 1580 conantur
2106 1569 2115 1579 .

46 1595 164 1637 Haud
181 1592 360 1649 profecto
376 1590 564 1633 absimiles
584 1593 766 1633 videntur
786 1593 939 1633 cuidam
952 1622 963 1642 ,
989 1596 1057 1647 qui
1072 1594 1237 1647 Epitsteti
1251 1595 1368 1635 Stoici
1385 1595 1578 1639 lychnum
1599 1593 1757 1636 fistilem
1773 1597 1964 1636 trecentis
1993 1597 2115 1638 dena-

49 1657 112 1696 riis
126 1663 317 1695 mercatus
332 1681 343 1702 ,
367 1650 522 1705 sperans
538 1650 624 1692 fore
640 1662 682 1693 ut
695 1651 824 1693 fiinilis
838 1651 1062 1694 efficeretur
1076 1652 1312 1694 admirando
1327 1653 1404 1694 seni
1423 1682 1434 1701 ‚
1461 1652 1487 1694 fi
1500 1654 1548 1694 ad
1578 1655 1779 1696 lucernam
1809 1654 1920 1710 ipsius
1950 1656 2092 1711 legisset
2105 1687 2116 1707 ,

47 1717 99 1755 ita
116 1714 170 1755 isti
183 1723 319 1769 putare
334 1712 513 1753 videntur
527 1712 629 1752 Scoti
644 1711 865 1765 sapientiam
880 1712 1090 1766 adepturos
1102 1722 1306 1766 quotquot
1320 1713 1580 1771 leetitaverint
1594 1713 1703 1768 ipfius
1718 1716 2044 1756 Commentarios
2075 1718 2115 1757 in

47 1773 282 1828 Magistrum
301 1771 574 1812 sententiarum
593 1800 603 1810 .
627 1769 768 1811 Vidisse
785 1770 965 1824 proseEto
976 1772 1192 1826 oportebat
1206 1785 1287 1812 non
1304 1773 1352 1812 ad
1367 1771 1541 1825 juniores
1558 1802 1568 1822 ,
1597 1774 1852 1815 initiandosve
1872 1777 2133 1830 Theologica-

47 1833 241 1886 disciplina
255 1831 475 1873 Do&orem
489 1829 667 1871 subtilem
681 1829 819 1885 scripta
832 1830 894 1871 sua
907 1830 1105 1879 direxisse3
1134 1831 1284 1884 optime
1299 1833 1407 1873 enim
1420 1832 1662 1888 intelligebat
1675 1833 1781 1874 cibos
1801 1833 2001 1875 solidiores
2033 1836 2108 1877 im-

46 1892 236 1933 becilliori
250 1891 453 1932 stomacho
466 1889 633 1944 ingestos
649 1920 660 1941 ,
684 1891 806 1945 magis
820 1889 994 1936 obruere
1011 1905 1098 1946 quae
1115 1890 1316 1947 supersunt
1328 1892 1428 1933 vires
1440 1919 1453 1940 ,
1479 1893 1603 1947 quam
1616 1894 1793 1947 prodesse
1807 1893 1946 1935 robori
1958 1923 1973 1946 2
1993 1908 2038 1937 ac
2049 1909 2114 1937 ce-

46 1953 141 1992 dere
156 1952 194 1992 in
208 1947 367 2004 pensum
380 1949 692 2005 deperditarum..
1508 1948 1511 1950 ’

161 2008 375 2052 Discutiens
394 2010 455 2050 ille
472 2010 698 2062 quaestiones
714 2024 787 2065 pro
800 2010 1020 2053 diversitate
1039 2012 1292 2054 materierum
1324 2011 1502 2067 Magistri
1517 2021 1641 2053 motas
1656 2041 1667 2063 ,
1694 2023 1737 2054 ut
1763 2012 1978 2068 plurimum
2004 2016 2114 2055 nullo

44 2085 149 2112 nexu
163 2071 265 2110 inter
279 2069 312 2113 se
329 2070 546 2111 constantes
560 2099 571 2119 ,
596 2071 781 2112 ordinem
794 2071 955 2113 subinde
971 2082 1179 2126 tantopere
1194 2074 1382 2114 doctrinis
1395 2071 1633 2114 addiscendis
1648 2084 1919 2127 opportunum
1934 2084 2110 2118 tenere,

44 2131 221 2184 nequiit.
246 2131 311 2170 Eo
321 2140 452 2169 autem
466 2127 641 2179 sablato,
674 2130 785 2170 novis
798 2141 915 2184 atque
934 2132 1046 2173 novis
1060 2130 1213 2186 semper
1227 2131 1526 2174 occurrentibus
1556 2131 1693 2182 rebus,
1722 2134 1916 2174 memoria
1943 2133 2113 2175 confun-

44 2192 151 2231 ditur
164 2219 175 2239 ,
203 2191 242 2229 &
257 2189 352 2229 dum
369 2191 491 2229 altera
504 2189 614 2229 alteri
626 2191 767 2230 auxilio
779 2189 850 2231 esse
869 2204 950 2232 non
965 2190 1101 2245 potest,
1137 2205 1374 2245 unaquaque
1389 2191 1459 2233 suis
1475 2193 1641 2245 propriis
1659 2193 1778 2233 stante
1796 2207 1839 2234 ac
1868 2194 2109 2247 procedente

43 2250 265 2305 principiis,
294 2250 485 2291 cuneta&
508 2247 656 2303 singula
686 2250 802 2291 veluti
831 2251 929 2291 clavi
942 2251 1059 2292 clavis
1075 2250 1199 2300 trusa,
1224 2250 1407 2293 facillime
1439 2250 1647 2301 labuntur,
1673 2252 1869 2294 intantum
1889 2282 1899 2302 ,
1926 2263 1968 2293 ut
1996 2254 2109 2294 omni

47 2311 168 2351 Scoto
183 2307 365 2363 praelee'm
381 2337 391 2357 ‚
415 2309 604 2361 temporis
623 2308 820 2349 &laboris
834 2308 986 2362 pensata
1007 2310 1178 2359 ratione,
1209 2311 1364 2352 modica
1378 2310 1596 2351 admodum
1625 2310 1703 2364 ejus
1735 2312 1962 2367 Theologiae
1986 2313 2109 2353 menti

44 2370 242 2409 adhaereat
257 2366 435 2420 cognitio
453 2398 462 2406 .
493 2369 589 2408 Haee
607 2369 701 2410 mihi
718 2368 911 2409 verissime
923 2370 1066 2410 dicenti
1084 2368 1336 2423 propositum.
1349 2383 1428 2409 non
1443 2370 1502 2413 est
1526 2370 1729 2412 deterrere
1743 2400 1756 2421 ,
1784 2386 1828 2413 ac
1857 2382 2037 2413 avertere
2059 2372 2109 2414 ab
2128 2395 2130 2397 >

45 2429 150 2468 Scoti
167 2427 331 2468 leestione
346 2455 357 2476 ‚
385 2440 505 2479 quem
521 2426 695 2481 impense
714 2428 858 2481 diligo,
884 2427 1044 2484 suspicio
1060 2428 1231 2470 maxime
1244 2458 1255 2478 ‚
1283 2431 1322 2470 &
1336 2438 1543 2484 tantopere
1559 2429 1739 2471 admiror
1752 2459 1763 2480 ,
1790 2445 1912 2484 quem
1928 2431 2023 2472 citra
2050 2432 2109 2473 ul·

48 2488 117 2528 lius
130 2487 312 2536 injuriam
328 2515 338 2535 ‚
365 2486 479 2539 cupio
497 2500 636 2527 omnes
652 2488 831 2540 amplecti
845 2516 856 2537 ‚
885 2501 1005 2541 quem
1019 2487 1096 2528 scio
1110 2488 1341 2530 innumeros
1360 2488 1555 2543 protulisse
1568 2491 1605 2530 in
1618 2490 1786 2531 Ecclesia
1802 2492 2006 2532 Catholica
2020 2493 2109 2532 Do-

41 2548 169 2588 &tores
183 2575 194 2595 ,
221 2547 261 2587 ὃς
274 2546 483 2599 Magistros
503 2560 510 2584 :
539 2547 614 2586 Sed
628 2547 745 2586 doleo
761 2548 948 2601 temporis
974 2548 1162 2600 jaeturam
1178 2575 1189 2597 ,
1217 2561 1448 2601 conqueror
1475 2548 1704 2604 importune
1730 2549 1890 2591 obtrudi
1919 2551 1988 2591 illis
2003 2580 2014 2600 ,
2039 2551 2108 2603 cui

41 2604 433 2660 methapltyficalibus
447 2635 459 2655 ,
477 2605 642 2660 artisque
657 2607 812 2661 Logicae
828 2608 1085 2661 praecepti5‚&
1101 2605 1254 2648 scientia
1269 2608 1505 2649 Animastica
1517 2637 1528 2657 ,
1553 2611 1592 2649 &
1610 2611 1773 2650 naturali
1789 2639 1798 2659 ‚
1825 2609 1952 2664 probe
1967 2611 2108 2650 excussti

41 2680 125 2706 non
141 2664 249 2713 sunt3
275 2665 443 2721 deploro
457 2666 619 2708 demum
638 2666 966 2707 Scholasticorum
985 2667 1212 2707 nostrorum
1231 2667 1458 2722 pauperiem
1476 2678 1536 2708 tot
1550 2669 1653 2709 inter
1668 2669 1820 2711 divitias
1836 2700 1846 2719 ,
1872 2672 1910 2710 ὃ(
1924 2670 2005 2723 post
2022 2680 2108 2709 tan-

41 2738 128 2766 tum
141 2725 330 2778 temporis
345 2724 562 2780 impensum
579 2727 735 2767 Scotico
749 2727 870 2768 textui
882 2726 1114 2781 explicando
1128 2755 1147 2777 „
1165 2727 1443 2769 veluti-viatico
1455 2727 1651 2770 destitutos
1667 2729 1715 2769 ad
1732 2741 1907 2785 optatam
1925 2739 2108 2770 metam-2

39 2786 266 2840 pertingere
279 2799 363 2827 non
377 2784 535 2841 potuisse
556 2817 563 2824 .

158 2846 254 2886 Haec
268 2844 385 2898 igitur
401 2844 636 2898 potissimum
649 2845 819 2900 speetans
833 2859 970 2900 operae-
981 2846 1148 2899 pretium
1166 2859 1231 2886 me
1245 2845 1439 2888 facturum
1458 2846 1666 2889 arbitratus
1683 2847 1809 2897 sum‚s1
1823 2855 1841 2901 (
1854 2858 1895 2890 ut
1907 2846 2106 2897 dicebam)

39 2903 263 2946 universam
278 2905 380 2948 Scoti
399 2907 660 2959 Theologiam
678 2935 689 2954 ,
717 2918 852 2958 quaeve
868 2911 906 2945 in
924 2905 1129 2946 subfidium
1145 2906 1223 2960 ejus
1239 2906 1377 2947 adscita
1394 2906 1481 2947 sunt
1510 2907 1772 2962 philosophica
1787 2937 1798 2957 ,
1826 2919 1937 2949 certo
1967 2907 2106 2946 ordine

40 2964 316 3018 methodoque
334 2964 476 3018 digesta
496 2966 534 3004 in
551 2965 724 3006 medium
740 2965 1002 3019 producerem
1020 2996 1029 3005 .
1058 2965 1154 3005 Inde
1166 2966 1273 3006 enim
1292 2967 1330 3006 id
1344 2968 1603 3007 emolumenti
1621 2978 1776 3020 captum
1791 2968 1835 3007 iri
1854 2967 2064 3008 sentiebam
2093 2995 2104 3015 ,

44 3034 86 3064 ut
99 3024 195 3064 dum
208 3023 275 3065 sub
287 3024 463 3078 propriis.
472 3023 657 3077 capitibus
675 3026 808 3066 coaeta
821 3037 1065 3077 quaeeunque
1079 3038 1220 3065 eorum
1234 3024 1424 3067 intersunt
1441 3055 1451 3076 ,
1483 3026 1606 3067 modo
1622 3027 1810 3081 Magister
1826 3029 1958 3068 Scotus
1976 3027 2106 3077 aliqua

41 3083 194 3123 ratione
207 3096 252 3123 ea
262 3084 432 3138 attigerit
446 3113 462 3132 ,y
481 3082 717 3124 obiiciantur
734 3083 949 3138 legentibus
969 3113 979 3132 ‚
1007 3084 1124 3124 unico
1137 3085 1432 3138 propemodum
1447 3087 1625 3126 contuitu
1642 3086 1835 3126 lustranda
1848 3115 1858 3135 ‚
1885 3088 1923 3126 ὃς
1938 3098 2008 3139 per
2025 3098 2105 3125 me-

40 3142 483 3197 thodumintelligentiae
494 3143 709 3197 plurimum
723 3142 941 3184 consultum
961 3142 1091 3193 foret,
1114 3145 1242 3184 &una
1257 3145 1446 3198 temporis
1463 3146 1615 3186 iacturae
1640 3145 1926 3199 prospiceretur
1956 3176 1964 3184 .
1992 3146 2102 3184 Nam

39 3200 134 3242 cum
148 3201 197 3241 ad
210 3201 478 3255 certaquaesita
493 3204 631 3245 cuneta
642 3204 691 3244 ad
705 3202 842 3243 eadem
854 3202 878 3242 s
870 3204 1060 3256 penatum
1080 3203 1320 3244 reducuntur
1336 3232 1354 3253 „
1373 3216 1598 3259 opportune
1615 3205 1654 3245 in
1671 3206 1853 3245 articulos
1868 3202 2062 3258 dispertita
2086 3232 2098 3251 ,

40 3259 238 3315 &singula
248 3260 296 3300 de
311 3261 451 3302 eodem
468 3263 659 3316 principio
674 3263 778 3303 unde
797 3259 867 3302 fiiis
886 3262 1069 3316 gradibus
1085 3261 1390 3316 proficiscuntur
1405 3293 1415 3313 ‚
1448 3265 1582 3305 lumen
1599 3273 1828 3304 mutuantur
1843 3293 1853 3312 ,
1882 3265 1921 3303 δέ
1950 3264 2101 3302 alterna

40 3321 144 3361 inter
159 3319 194 3360 se
208 3320 415 3360 collatione
433 3350 442 3368 ‚
465 3322 632 3362 alterum
649 3322 686 3362 in
703 3322 857 3361 alterius
885 3322 1125 3375 adjutorium
1141 3323 1298 3364 cedit&
1313 3321 1483 3364 fulcrum
1513 3354 1523 3363 .
1547 3323 1723 3364 Fortiori
1747 3321 1907 3363 subinde
1939 3322 2115 3375 vestigio,

41 3378 224 3421 stantibus
240 3377 354 3421 rebus
367 3379 560 3422 efficacius.
570 3391 688 3432 atque
703 3380 857 3421 uberius
871 3382 992 3421 menti
1008 3381 1187 3421 docti-ina
1202 3381 1371 3422 illabitur
1386 3411 1397 3431 ‚
1423 3396 1587 3422 omnem
1618 3383 1760 3422 ordine
1784 3391 1941 3422 arcente
1963 3381 2099 3421 distra-

40 3439 213 3479 ctionem
229 3469 239 3479 .
273 3438 351 3479 Etfi
365 3440 468 3479 enim
486 3440 539 3479 ad‘
548 3441 667 3480 multa
682 3469 693 3489 ‚
722 3438 861 3493 quibus
880 3439 1088 3480 formanda
1101 3441 1396 3493 excolendaque
1410 3455 1520 3481 mens
1535 3442 1587 3483 est
1609 3456 1616 3481 :
1631 3440 1838 3482 necessario
1855 3441 2100 3487 extendatur3

42 3508 217 3539 attamen
230 3499 575 3551 quemadmodum.
587 3499 626 3540 in
641 3498 770 3539 tabula
784 3497 931 3540 affabre
945 3500 1059 3540 variis
1078 3501 1174 3553 pista
1190 3499 1388 3541 coloribus
1403 3501 1559 3541 unicum
1574 3511 1811 3541 contuemur
1823 3500 2102 3553 exemplatum,

38 3557 90 3598 ita
109 3558 313 3612 complura
336 3557 429 3599 scitu
457 3559 574 3612 digna
610 3558 726 3599 certis
768 3557 1021 3610 queiitarum
1056 3587 1065 3606 ‚
1097 3561 1382 3611 titulorumque
1407 3559 1589 3600 conclusa
1623 3559 1806 3600 limitibus
1824 3559 1873 3598 ad
1900 3558 1960 3598 sua
1993 3572 2100 3610 quae-

40 3630 117 3670 que
132 3618 337 3658 collimant
350 3618 450 3658 illata
465 3647 475 3667 ‚
504 3619 699 3658 intantum
715 3627 758 3658 ut
771 3620 849 3657 haec
862 3618 996 3656 omnia
1012 3617 1082 3657 suis
1097 3628 1221 3670 aptata
1235 3617 1433 3671 principiis
1451 3647 1461 3667 ‚
1496 3620 1534 3658 ὃ(
1550 3618 1707 3660 vicissim
1733 3618 1870 3658 eadem
1901 3617 2099 3658 solutioni-

41 3675 111 3716 bus
129 3677 314 3730 applicata
330 3706 340 3725 ,
370 3678 514 3719 mirum
532 3687 724 3730 quantum
738 3676 848 3717 brevi
867 3677 1005 3716 mentis
1016 3677 1113 3717 acies
1129 3679 1211 3717 luce
1228 3676 1486 3730 perfundatur
1501 3678 1606 3729 juxta
1620 3687 1737 3731 atque
1752 3675 1994 3726 oblectetur,
2017 3677 2100 3717 nul·-

39 3736 116 3775 lam
134 3735 231 3789 piss'a
244 3734 541 3779 viciffitudinem
556 3736 590 3777 se
602 3735 638 3776 se
649 3734 953 3779 obtrudentium
966 3764 976 3784 ,
996 3745 1213 3789 mutuoque
1227 3737 1461 3789 pellentium
1475 3736 1659 3777 scitorum
1674 3767 1685 3777 .

158 3797 287 3837 Porro
305 3796 476 3838 videntes
492 3809 558 3836 eos
571 3796 674 3838 inter
687 3824 699 3845 ‚
715 3795 784 3849 qui
799 3794 850 3836 ad
864 3797 963 3836 hanc
975 3794 1082 3838 diem
1096 3797 1302 3838 Summam
1320 3797 1607 3850 Theologicam
1619 3796 1829 3839 ediderunt
1840 3796 1876 3838 S.
1896 3797 2099 3837 Thomam

1926 3854 2050 3909 Αἰνά-

2151 316 2316 367 PlatoinC
2341 336 2359 355 n

2154 374 2240 395 vivio
2270 372 2341 398 Aa·

2153 406 2249 439 hiddi]
2271 411 2358 441 Orus-

2151 1164 2274 1198 Orat.iii
2289 1169 2354 1201 Cor.

2150 1211 2260 1241 aelium
2276 1216 2360 1244 Tua.-

2151 1263 2214 1284 iwa
2228 1277 2236 1285 .

2148 1581 2273 1614 Luciani
2289 1584 2358 1615 De-

2149 1626 2205 1655 czil.
2248 1627 2358 1659 adver-

2151 1668 2197 1700 sus
2210 1674 2357 1703 [adoriam
