2616 4109
533 151 752 219 Tomus
773 151 810 217 I.
829 150 987 220 Pars
1006 154 1046 220 I.
1063 151 1330 247 Quaestio
1352 153 1637 223 XXXIII.
1652 156 1790 226 Art.
1811 158 1899 226 IV.

250 240 518 277 affirmationem
543 245 909 281 incomnmnitab-iem
923 273 933 289 ‚
953 247 985 281 &
1011 261 1213 295 propriam:

252 290 308 325 sid
338 290 480 326 essentia
502 305 568 328 non
588 293 635 329 est
662 296 740 329 talis
762 295 954 331 affirmatio
979 299 1213 334 incommuni-

252 341 420 383 cabilisssr
436 346 578 389 propria
599 345 702 378 alicui
717 344 974 392 personae3ergo
985 352 1129 391 negatio
1145 352 1212 383 im-

253 401 396 436 portata
413 402 476 437 per
488 395 693 438 ingenirtem
705 394 769 430 esse
794 399 915 442 nequit
934 400 1210 434 incommunica—

253 440 331 473 bilis
347 467 359 482 ‚
386 441 416 475 81
433 444 576 488 propria
597 444 747 489 person-‘e
765 445 874 493 prime
888 471 899 486 ‚
916 444 975 481 nisi
993 447 1131 482 ratione
1147 449 1210 482 ‘ali-

250 490 351 536 cujus
375 489 575 528 affirmativi
589 520 600 535 ‚
618 492 662 527 ad
676 495 772 540 quod
785 495 1018 541 consequatur
1035 496 1173 542 :Igitur
1187 498 1209 533 si

250 543 456 585 ingenitum
471 542 650 577 constituit
667 542 850 590 personam
864 570 874 585 ,
902 545 937 580 id
949 557 1016 581 non
1034 546 1162 592 prestat
1179 550 1213 585 ei

251 589 293 625 de
307 591 445 626 formali
463 591 509 626 sui
523 593 660 626 ratione
675 618 684 632 ,
703 592 756 626 sed
772 598 884 639 magis
901 599 1035 631 virtute
1049 589 1211 634 entitatis

250 640 414 688 positivae
427 667 439 684 ‚
459 640 503 676 ad
515 652 623 688 quam
643 641 867 689 consequitur
877 671 887 680 .
902 644 1018 693 Major
1030 647 1211 693 probatur:

250 694 333 736 quia
348 689 437 725 ficut
461 694 605 736 negatio
619 702 686 726 non
704 692 809 728 habet
831 699 1020 731 entitatem
1033 694 1110 738 ,nisi
1128 701 1212 744 quia

251 740 422 775 fundatur
437 741 469 775 in
486 743 709 783 entitate‚ita
723 751 786 776 nec
798 747 982 788 unitatem,
998 744 1031 780 8<
1046 758 1107 792 per
1126 758 1212 783 con-

249 791 397 836 fequens
432 801 498 826 nec
525 790 594 838 effe
629 795 809 837 proprium
825 820 835 835 ‚
866 795 899 830 &
933 798 1212 833 incommunica-

233 841 321 876 vbile
344 837 403 873 sibi
430 841 580 876 attribui
601 839 713 887 potest
727 865 740 882 ‚
759 841 816 877 nisi
843 846 980 881 ratione
1006 843 1159 893 positivi,
1178 851 1211 882 in

250 901 326 937 quo
343 887 536 926 fundatur.
565 890 677 941 Qod
701 891 734 926 &
755 892 955 931 declaratur
979 898 1087 943 :quia
1115 898 1146 933 in
1174 898 1206 933 se

251 942 443 985 negatione
460 939 678 977 considerata
692 967 702 983 ,
723 953 769 977 ex
789 955 880 991 equo
898 944 1031 981 dicitur
1045 946 1087 982 de
1101 950 1214 982 omni·

252 990 319 1025 bus
339 999 412 1024 tam
423 990 466 1027 de
490 1000 591 1034 ente,
612 1002 718 1039 quam
740 992 784 1027 de
798 1006 864 1029 non
882 1005 979 1038 ente,
1004 997 1037 1031 &
1054 1009 1120 1032 non
1140 1008 1212 1032 ma-

250 1043 310 1086 gis
328 1038 371 1074 de
386 1051 478 1084 uno,
498 1053 604 1090 quani
630 1041 673 1078 de
696 1042 792 1086 alio,
812 1045 939 1091 quibus
954 1047 1117 1082 omnibus
1143 1045 1211 1083 sine

249 1089 534 1129 contradiaione
567 1094 817 1130 communicari
847 1096 1053 1143 intelligitur
1080 1107 1089 1129 ε
1112 1096 1211 1144 quod

251 1139 362 1186 igitur
384 1140 424 1177 sit
451 1143 572 1191 alicui>
596 1143 761 1190 propria,
785 1143 817 1179 ἃ·
843 1145 1186 1182 incommunicabilis
1201 1169 1215 1186 .

251 1187 288 1223 id
304 1201 371 1225 non
388 1191 494 1229 habet
509 1202 556 1229 ex
571 1192 616 1227 sui
629 1203 821 1241 conceptus
836 1199 970 1232 ratione
987 1224 997 1239 ‚
1011 1196 1066 1232 sed
1078 1197 1125 1232 ob
1137 1209 1202 1244 po-

251 1237 398 1276 sitivum
413 1246 464 1284 ‚in
478 1255 552 1291 quo
571 1242 740 1280 fundatur
757 1257 771 1286 ς
788 1257 874 1292 ergo
888 1251 1031 1295 negatio
1046 1248 1208 1293 ingeniti

252 1287 277 1323 si
296 1289 705 1329 estincommunicabilis
725 1322 732 1333 ,
758 1294 793 1328 id
808 1300 960 1341 accipiat
986 1306 1129 1342 oportet
1157 1296 1202 1331 ab

252 1342 404 1377 entitate
435 1346 542 1389 priori
560 1345 893 1386 incommunicabili3
913 1347 967 1381 illa
985 1346 1129 1394 proinde
1145 1358 1208 1393 po-

253 1387 515 1427 fitivaentitate
532 1396 644 1439 prima
661 1393 802 1438 persona
822 1394 1069 1436 constituitur,
1093 1395 1125 1431 &
1145 1406 1212 1431 non

255 1445 446 1487 negatione
463 1440 620 1488 sequente
655 1442 747 1477 illam
761 1469 769 1478 .
803 1442 941 1480 Deinde
980 1445 1214 1492 quandocun-

253 1491 372 1536 quein
385 1489 510 1526 eodem
524 1491 712 1527 affirmatio
726 1520 735 1535 ‚
749 1493 780 1527 8<
798 1497 939 1539 negatio
957 1494 1030 1529 sunt
1048 1494 1145 1530 simul
1159 1497 1207 1530 se-

253 1539 407 1575 cundum
435 1542 714 1588 consequentiam
729 1569 740 1584 ,
767 1542 953 1579 affirmatio
975 1544 1022 1579 est
1051 1547 1147 1590 pri-ir
1178 1547 1212 1578 in

254 1586 392 1625 essendo
409 1591 477 1637 ipsa
503 1592 825 1636 negatione.Nam
856 1587 999 1639 negatio
1022 1606 1082 1640 per
1111 1595 1211 1641 prius

255 1638 358 1676 inesse
372 1650 440 1675 non
460 1641 573 1687 potest
588 1655 599 1683 ς
615 1646 696 1677 item
712 1654 778 1682 nec
793 1641 902 1684 simui,
918 1644 1001 1690 quia
1018 1654 1103 1678 tunc·
1115 1642 1214 1678 ordi·-

254 1700 335 1725 nem
357 1701 425 1725 non
455 1690 624 1726 haberent
651 1703 661 1726 ε
681 1701 824 1739 oportet
861 1697 968 1738 igitur
990 1698 1213 1737 negationem

256 1739 360 1776 inesse
377 1738 551 1787 posterius
581 1751 705 1777 natura
723 1740 953 1777 affirmatione
969 1769 977 1778 .
998 1743 1213 1779 Haecautem

260 1793 296 1824 in
314 1791 446 1826 divinis
465 1789 561 1825 simul
588 1791 662 1826 sunt
692 1791 877 1826 secundum
901 1792 1184 1840 consequentiam
1201 1819 1215 1836 ,

256 1850 325 1876 non
335 1842 400 1887 esse
412 1839 457 1874 ab
472 1840 556 1884 alio,
567 1841 682 1887 &este
695 1841 715 1875 ὰ
732 1853 796 1890 quo
811 1843 917 1877 alius:
935 1847 1019 1890 quia
1038 1847 1128 1878 enim
1146 1843 1215 1885 illc,

258 1888 279 1927 i
297 1902 370 1938 quo
382 1889 430 1925 est
445 1891 557 1934 alius,
584 1891 750 1938 preditus
767 1892 814 1927 est
828 1897 939 1937 prima
957 1892 1185 1928 fecunditate
1203 1918 1214 1933 ‚

256 1940 341 1976 ideo
368 1951 435 1974 non
458 1938 510 1974 est
531 1941 574 1976 ab
598 1941 692 1976 alio:
716 1941 749 1977 8<
779 1943 861 1990 quia
877 1942 934 1977 ilie
950 1970 962 1988 ‚
985 1946 1045 1990 qui
1065 1955 1138 1978 non
1164 1940 1215 1979 est

255 1987 448 2033 abssaiiossst
465 1988 646 2027 foecundus
658 2016 669 2032 ‚
688 1990 770 2027 ideo
786 1990 834 2028 est
847 1991 865 2028 ἆ
884 2003 953 2036 quo
971 1994 1062 2028 alius
1078 2007 1089 2034 ς
1104 1995 1213 2038 igitur

255 2044 356 2088 prius
380 2044 412 2076 in
430 2038 572 2077 essendo
585 2044 650 2078 erit
662 2039 727 2078 esse
740 2068 750 2084 ,
765 2041 782 2078 ὰ
797 2054 872 2089 quo
885 2043 974 2078 alius
988 2054 997 2078 ε
1013 2043 1080 2078 hoc
1093 2051 1213 2076 autem

255 2095 473 2138 importatur
502 2103 563 2137 per
577 2092 831 2138 proprietatem
848 2090 1033 2140 positivam
1062 2090 1214 2138 originis

257 2142 290 2176 in
307 2144 419 2187 prima
434 2140 575 2187 persona
591 2155 601 2183 3
618 2146 726 2187 igitur
749 2155 788 2177 ea
817 2147 1019 2190 proprietas
1045 2140 1095 2178 est
1120 2141 1215 2189 prior

257 2194 448 2236 negatione
462 2203 474 2233 ς
489 2202 530 2225 ac
542 2191 688 2238 proinde
705 2191 760 2226 illa
775 2191 824 2229 est
842 2196 960 2239 primae
979 2192 1118 2239 persone
1131 2201 1215 2226 con-

257 2239 439 2276 stitutiva.
464 2239 629 2288 Denique
644 2269 654 2285 ‚
670 2239 692 2275 si
709 2246 821 2287 prima
847 2243 992 2291 persona
1020 2240 1216 2277 formaliter

256 2299 410 2339 ponatur
432 2290 591 2327 constitui
606 2296 796 2337 negatione
814 2319 824 2335 ‚
841 2304 911 2339 qua
924 2292 962 2328 fit
989 2291 1217 2327 incommuni-

257 2340 545 2384 cabilis,secunda
564 2351 680 2377 nutem
697 2340 744 2376 est
757 2341 1111 2378 *incommunicabilis
1133 2340 1220 2375 rela-

258 2393 359 2427 tione
377 2389 712 2436 positiva‚filiatione
731 2395 922 2427 nimirum:
939 2392 971 2427 8<
988 2395 1097 2426 tertia
1125 2392 1218 2437 pari·

257 2450 314 2478 ter
339 2439 485 2488 positiva
500 2444 712 2487 proprietate
726 2468 737 2484 ‚
761 2453 836 2489 quae
848 2442 896 2478 est
913 2440 1040 2489 passiva
1056 2439 1217 2486 i'pirat503

258 2504 345 2538 ergo
367 2489 495 2527 divinae
516 2491 665 2537 personae
679 2503 746 2526 non
764 2493 794 2528 se
814 2492 980 2528 haberent
997 2489 1218 2527 uniformiter

259 2541 378 2591 quoad
403 2540 577 2588 personale
589 2540 858 2579 constitutivum
874 2554 996 2578 earum
1010 2569 1022 2585 ,
1043 2553 1153 2588 neque
1168 2538 1218 2574 so-

257 2601 336 2628 rent
354 2596 489 2639 pariter
513 2588 690 2638 positivae,
724 2591 756 2626 &
786 2591 967 2640 persistite,
990 2596 1023 2627 in
1046 2600 1217 2638 quantum

258 2641 399 2690 persone
415 2653 510 2683 ;non
528 2642 617 2676 enim
645 2641 693 2678 est
706 2643 799 2689 aeque
818 2642 973 2689 perfee‘ta
992 2640 1217 2688 personalitas

260 2696 430 2738 negativa
444 2719 454 2734 ‚
466 2692 499 2726 δι
512 2694 709 2737 proprietas
727 2690 878 2740 positiva
897 2704 906 2727 :
923 2692 962 2727 Id
979 2703 1097 2728 autern
1116 2690 1217 2725 vide-

261 2751 318 2777 tur
335 2738 675 2787 absurduimpraestat
690 2753 776 2789 ergo
789 2742 901 2777 dicere
920 2743 954 2778 &
970 2742 1118 2787 primam
1139 2751 1216 2786 per-

261 2792 380 2828 sonam
400 2790 852 2839 noninnascibilitate,qiirc
871 2796 1015 2838 negatio
1040 2790 1107 2831 est,
1129 2801 1217 2824 con-

261 2841 401 2878 stituii'n
414 2844 479 2888 csse
493 2841 684 2889 personali,
700 2841 754 2881 sed
781 2840 928 2890 positiva
957 2841 1130 2876 relatione
1154 2851 1217 2885 pa·

260 2895 470 2934 ternitatis‚
491 2903 561 2939 qua
576 2890 614 2927 sit
640 2902 680 2926 ut
696 2891 729 2925 8<
752 2893 929 2937 ingenitus
956 2890 994 2926 sit
1017 2888 1161 2936 perinde
1179 2901 1218 2924 ac

260 2941 335 2976 alia:
349 2939 476 2977 divinae
489 2940 637 2989 persbnae
659 2938 820 2988 positivis
841 2940 1121 2990 proprietatibus
1141 2951 1221 2974 con.

259 2991 449 3027 stituuntur
462 3018 471 3027 .

311 3041 650 3079 AnAmtvmnnu
667 3068 676 3077 .
701 3040 758 3077 Ad
786 3045 935 3089 primam
965 3039 1218 3075 aiibioritatem

261 3090 461 3134 dicendum,
472 3093 520 3127 To*
530 3101 663 3139 praeter
681 3091 946 3127 Damascenum
959 3089 1146 3125 excludere
1164 3091 1213 3123 in-

262 3139 429 3176 tellexisse
442 3138 653 3183 essentialia,
677 3153 754 3188 qua:
767 3141 843 3177 sunt
871 3140 1034 3176 omnibus
1067 3139 1221 3186 personis

265 3195 491 3233 communia,
516 3202 583 3226 non
596 3200 716 3226 autem
732 3191 821 3226 alias
849 3192 1087 3240 proprietates
1105 3189 1220 3233 perso-

264 3241 360 3276 nales
372 3268 384 3283 ,
401 3252 488 3288 quas
505 3241 597 3276 idem
613 3241 694 3276 alibi
711 3250 892 3276 enumerat
905 3267 914 3276 .
944 3239 1051 3275 Unde
1079 3243 1220 3273 nomine

265 3291 550 3337 ingenerationis
564 3291 830 3338 comprehendit
859 3304 925 3326 non
941 3290 1048 3324 solum
1066 3288 1221 3335 innasci-

266 3341 429 3376 bilitatis
442 3344 623 3375 notionem
636 3368 647 3383 ‚
671 3340 726 3376 sed
738 3343 845 3376 etiarn
877 3343 1126 3387 paternitatem
1139 3365 1149 3379 ,
1181 3349 1223 3373 ac

269 3389 426 3426 aftivam
457 3389 685 3435 spirationem
700 3418 710 3434 ‚
741 3402 779 3426 ut
795 3389 885 3425 estin
902 3389 1004 3424 Patre
1024 3399 1091 3429 3ex
1103 3400 1144 3422 eo
1159 3390 1223 3431 igi-

267 3449 325 3476 tur
334 3439 462 3474 deduci
477 3450 543 3474 non
559 3438 674 3487 potest
687 3465 697 3481 ,
713 3450 870 3475 mentem
885 3440 957 3486 ejus
974 3437 1068 3473 fuisse
1083 3439 1225 3482 ingeni-

273 3491 541 3535 tinegationem
558 3488 624 3524 csse
645 3488 760 3523 Patris
773 3488 1032 3524 constitutivam
1044 3513 1053 3523 .

323 3538 382 3575 Ad
399 3538 580 3585 Augustini
595 3537 845 3574 austoritatem
861 3538 1055 3582 respondeo
1077 3534 1132 3570 fic:
1146 3536 1225 3571 Ali-

272 3587 417 3635 quando
431 3591 587 3635 privatio
598 3601 664 3624 non
679 3597 849 3623 connotat
874 3587 1141 3623 affirmationem
1159 3611 1168 3626 ‚
1196 3585 1229 3620 8<

272 3647 390 3673 tamen
409 3649 475 3674 non
489 3637 772 3684 contingitinesse
805 3640 1039 3684 privationem
1057 3663 1068 3678 ,
1095 3645 1133 3669 ut
1152 3647 1232 3681 pro-

220 3698 224 3705 ¹
273 3692 410 3733 priam,
430 3687 489 3722 nisi
505 3692 650 3736 privato
665 3687 738 3722 insit
756 3686 955 3722 formaliter
980 3687 1060 3722 taliis
1077 3684 1231 3719 affirma-

273 3740 323 3771 tio
338 3763 349 3778 ,
366 3734 696 3783 Exemplum3caecas
710 3749 777 3771 non
791 3746 958 3772 connotat
983 3735 1039 3771 nisi
1063 3734 1206 3768 oculum
1221 3763 1232 3779 ,

268 3789 328 3834 qui
355 3784 402 3820 est
413 3797 600 3825 commune
619 3785 810 3836 subjeetum
821 3785 990 3823 caecitatis
1001 3812 1011 3828 ,
1026 3785 1059 3820 8<
1076 3782 1230 3820 visionis:

2128 180 2258 247 399

1292 248 1325 283 ἃ
1338 256 1454 283 tamen
1481 260 1657 296 nunquam
1675 255 1814 287 caecitas
1835 252 1922 289 inest
1937 252 2043 288 oculo
2072 263 2136 298 per
2148 251 2256 289 solam

1293 300 1465 334 rationem
1483 298 1574 332 oculi
1593 326 1604 341 ,
1631 299 1684 334 sed
1697 313 1760 347 pei·
1774 301 1867 336 aliud
1885 300 2076 349 positivum
2089 331 2099 346 ,
2115 302 2157 337 de
2182 313 2256 350 quo

1290 348 1403 384 oritur
1432 347 1487 380 illa
1516 350 1691 393 privatio,
1714 359 1892 396 quatenus
1912 351 1969 387 illa
1992 363 2122 388 entitas
2147 363 2255 397 repu-

1291 405 1376 444 gnat
1389 395 1534 432 visioni.
1552 397 1793 435 Consimiliter
1807 402 2010 445 ingenitum
2026 400 2102 437 esto
2127 412 2253 436 conno-

1290 457 1344 483 tet
1367 444 1544 482 subsistens
1560 448 1593 482 in
1607 457 1731 484 natura
1753 448 1876 484 divina
1892 475 1903 491 ,
1932 459 2088 486 attamen
2117 450 2188 485 haec
2206 451 2252 485 af-

1289 496 1442 531 firmatio
1455 508 1523 531 non
1535 496 1585 534 est
1602 505 1681 532 tota
1699 502 1793 534 ratio
1821 501 2020 546 inherentiae
2050 499 2156 545 hujus
2187 496 2249 535 ne*—

1289 547 1447 593 gationis
1459 572 1470 588 ‚
1493 557 1560 596 que
1576 545 1624 583 est
1639 550 1844 593 ingenitum
1861 559 1869 581 :
1888 549 1941 584 sed
1956 551 2149 595 requiritur
2162 561 2247 595 prx-

1290 605 1387 631 terea
1399 625 1410 637 ,
1423 597 1507 630 utin
1521 607 1556 633 re
1573 596 1738 644 precedat
1753 598 1822 633 alia
1849 599 2050 644 proprietas
2076 597 2223 645 positiva
2237 624 2247 640 ,

1286 645 1377 682 unde
1391 644 1569 692 sequatur,
1583 657 1686 694 atque
1704 645 1779 682 insit
1793 647 1865 682 haec
1878 652 2036 697 negatio:
2054 658 2091 683 ut
2105 652 2244 683 caecitas

1285 708 1352 731 non
1367 695 1408 730 de
1421 697 1525 730 oculo
1538 697 1613 731 exit
1627 723 1637 737 ‚
1663 695 1718 731 sed
1731 708 1777 731 ex
1791 709 1900 743 prava
1914 698 1989 745 ejus
2013 696 2239 743 dispositione

1284 746 1623 791 consequitur51icet
1640 757 1706 781 non
1724 757 1935 783 connotetur
1952 758 2014 794 per
2029 749 2243 793 ingenitum,

1283 796 1391 831 veluti
1418 796 1601 842 proprium
1614 793 1954 843 subjeetum.Juxta
1981 796 2054 832 haec
2068 798 2178 843 igitur
2193 796 2243 832 ess:

1283 845 1534 892 intelligendus
1554 843 1796 892 Augustinus:
1811 858 1890 881 nam
1908 848 2112 892 ingenitum
2124 857 2170 882 ex
2198 847 2245 881 sui

1280 898 1416 932 ratione
1435 907 1501 933 uon
1515 906 1686 931 connotat
1704 893 1845 931 Patrem
1862 907 1870 929 t
1890 896 1984 933 unde
2001 894 2023 930 fi
2041 898 2151 940 prima
2168 907 2247 942 pei·-

1279 945 1358 980 sona
1385 944 1665 992 perimpossibile
1696 957 1762 981 non
1786 945 1985 991 genuisset,
2005 945 2123 980 adhuc
2151 944 2246 981 foret

1278 998 1438 1039 ingenita
1451 1021 1462 1036 ‚
1477 1007 1546 1030 non
1567 1005 1685 1031 tamen
1703 995 1818 1043 potest
1835 996 1940 1033 inesse
1955 1000 1986 1031 ei
2003 995 2057 1030 illa
2084 998 2242 1038 negatio,

1282 1042 1341 1078 nisi
1360 1044 1547 1082 affirmatio
1562 1043 1698 1088 ista‚vel
1713 1045 1826 1093 aliqua
1843 1048 1909 1082 alia
1924 1074 1935 1089 ‚
1948 1045 2001 1081 seu
2022 1045 2246 1086 abstaiutaseu

1280 1094 1429 1130 relativa
1441 1094 1589 1140 linquas}
1609 1099 1698 1131 ratio
1715 1096 1791 1144 ejus
1807 1097 2006 1145 inherentiae
2018 1094 2240 1143 praecederet.

1326 1142 1385 1179 Ad
1399 1143 1584 1179 secundum
1610 1145 1822 1192 respondeo,
1855 1147 1941 1183 vere
1969 1158 2034 1193 quo
2061 1145 2165 1181 Pater
2196 1143 2247 1179 est

1273 1191 1380 1228 Pater
1395 1219 1406 1234 ‚
1434 1195 1472 1228 eo'
1493 1192 1561 1229 esse
1577 1194 1670 1230 hanc
1682 1196 1860 1241 personam
1880 1195 1921 1239 ‚si
1938 1195 2159 1231 uniformiter
2182 1195 2232 1229 Tc)

1250 1244 1310 1277 >eo'
1329 1243 1529 1290 accipiatur
1553 1247 1584 1280 in
1600 1245 1730 1293 majore
1746 1273 1757 1289 ‚
1769 1246 1801 1281 &
1813 1243 2033 1281 conclusione
2051 1244 2132 1286 3sed
2152 1253 2239 1279 tunc

1272 1293 1435 1328 ultimam
1449 1293 1743 1340 consequentiam,
1756 1305 1794 1329 ut
1810 1296 1942 1337 salsam,
1964 1293 2163 1340 negandam
2183 1293 2237 1328 es-

1270 1342 1302 1378 se
1317 1369 1326 1377 .
1354 1341 1441 1392 Quo
1466 1345 1557 1379 enim
1577 1343 1679 1379 Pater
1690 1344 1737 1380 est
1749 1344 1866 1387 Pater,
1883 1357 1925 1380 eo
1939 1344 1987 1380 est
2006 1345 2075 1378 haec
2090 1344 2230 1390 persona

1269 1396 1385 1440 primo
1398 1392 1505 1428 modo
1522 1392 1665 1428 dicendi
1677 1406 1736 1439 pei·
1751 1394 1792 1437 se,
1811 1395 1844 1430 8<
1857 1407 1921 1429 non
1940 1394 2089 1428 secundo
2106 1419 2113 1427 .
2130 1393 2226 1428 Cum

1268 1440 1454 1484 subditur,
1478 1455 1550 1490 quo
1561 1442 1610 1478 est
1628 1443 1688 1491 hec
1704 1446 1916 1490 persona‚eo
1933 1443 1981 1479 est
2010 1443 2231 1478 innascibilis:

1269 1491 1462 1538 utique‚sed
1479 1497 1511 1527 in
1532 1493 1682 1528 secundo
1699 1494 1802 1528 modo
1819 1492 1960 1529 dicendi
1981 1505 2044 1539 per
2062 1492 2104 1533 se,
2121 1492 2154 1526 &
2169 1504 2237 1527 non

1270 1544 1306 1577 in
1330 1545 1444 1586 primo
1468 1555 1477 1577 :
1507 1541 1602 1577 Cum
1641 1544 1732 1578 enim
1761 1544 2011 1580 innascibilitas
2036 1541 2075 1577 fit
2096 1546 2244 1588 negatio

1269 1592 1418 1637 sequens
1435 1596 1615 1638 propriam
1639 1604 1702 1640 per
1718 1593 1746 1628 se
1761 1594 2034 1629 affirmationem
2051 1619 2061 1634 ,
2086 1603 2124 1628 ut
2139 1590 2244 1639 passio

1271 1639 1467 1685 subjefftum
1486 1668 1496 1684 ,
1514 1646 1639 1688 nequit
1655 1643 1787 1690 ingredi
1807 1644 1957 1690 personae
1970 1642 2238 1678 constitutivam

1272 1695 1478 1731 rationem:
1507 1691 1562 1727 sed
1586 1703 1697 1738 neque
1727 1693 1758 1727 id
1777 1694 1894 1729 inferri
1925 1703 1971 1729 ex
2002 1690 2168 1741 premissis
2194 1691 2242 1725 se-

1270 1739 1422 1775 cundum
1443 1751 1555 1776 artem
1571 1740 1929 1791 syllogisticam3quia
1956 1741 2132 1777 conclusio
2159 1741 2242 1775 sem·
2268 1773 2271 1774 γ

1272 1801 1332 1836 per
1357 1789 1512 1838 sequitur
1547 1791 1791 1828 conditionem
1823 1791 1997 1839 praemissae
2036 1791 2243 1831 debilioris.

1270 1839 1387 1886 qualis
1413 1839 1460 1876 est
1480 1841 1648 1876 secundus
1666 1841 1793 1877 modus
1805 1843 1941 1879 dicendi
1955 1854 2017 1890 per
2035 1841 2065 1877 se
2093 1852 2236 1888 compa-

1272 1899 1375 1923 ratus
1400 1889 1444 1924 ad
1465 1894 1619 1935 primum
1636 1917 1646 1926 .

1322 1937 1382 1975 Ad
1401 1943 1547 1975 tertium
1584 1940 1800 1987 respondeo:
1827 1943 1993 1988 quoniam
2020 1942 2055 1975 in
2086 1939 2240 1987 praes'enti

1272 1988 1462 2037 hypothesi
1480 1987 1587 2026 Pater
1605 1990 1831 2026 constituitur
1851 1995 1882 2025 in
1902 1993 1967 2038 este
1985 1991 2149 2038 personali
2170 2001 2234 2035 per

1271 2041 1631 2075 communicationem
1652 2042 1720 2088 effe
1737 2040 1839 2088 ipsius
1875 2041 1917 2076 ad
1934 2042 2106 2076 alterum:
2135 2040 2244 2074 habet

1273 2092 1365 2125 enim
1391 2101 1435 2125 ex
1462 2089 1681 2135 plenitudine
1709 2090 1936 2137 perfeetionis
1965 2091 2028 2125 suae
2056 2090 2122 2124 hoc
2141 2088 2240 2137 quod

1273 2139 1322 2174 est
1342 2138 1444 2174 alteri
1467 2140 1497 2174 se
1513 2140 1541 2175 se
1569 2146 1833 2177 communicare
1864 2142 1897 2175 in
1927 2144 2063 2176 unitate
2086 2149 2216 2173 natura:
2232 2164 2242 2173 .

1277 2188 1413 2224 Modus
1442 2188 1592 2224 habendi
1613 2190 1796 2227 Deitatem
1823 2190 1841 2226 a
1865 2191 1894 2226 se
1913 2201 1980 2225 non
2009 2188 2058 2225 est
2086 2188 2237 2224 nobilior

1274 2239 1384 2273 modo
1398 2238 1559 2284 opposito
1571 2267 1582 2282 ‚
1608 2240 1791 2276 secundum
1810 2252 1915 2286 quem
1937 2239 1984 2275 est
1999 2238 2124 2275 eadem
2138 2237 2245 2274 essen-

1273 2292 1322 2325 tia
1340 2293 1370 2324 in
1403 2287 1514 2323 Filio:
1542 2286 1599 2326 etsi
1625 2288 1744 2326 utalia
1770 2295 1867 2326 notio
1886 2318 1896 2331 ,
1922 2301 1990 2336 qua
2010 2292 2121 2337 prima
2140 2288 2243 2323 nobis

1273 2339 1422 2387 persona
1440 2338 1636 2380 innotescit,
1650 2349 1689 2374 ut
1708 2340 1753 2376 ab
1776 2341 1855 2375 aliis
1867 2339 2046 2375 distinfta:
2066 2342 2243 2385 imoquic·

1272 2389 1359 2436 quid
1376 2387 1561 2433 dignitatis
1594 2388 1679 2424 inest
1696 2389 1787 2427 Patri
1808 2402 1852 2426 ex
1872 2391 1930 2425 illo
1949 2388 2079 2430 modo,
2101 2398 2240 2423 tantun.

1271 2440 1352 2474 dem
1375 2438 1547 2483 praesefert
1571 2437 1684 2474 Filius
1709 2439 1757 2474 ob
1773 2439 1975 2487 oppositum
2009 2437 2151 2473 modum
2185 2438 2244 2472 ha-

1272 2488 1375 2526 bendi
1400 2487 1553 2524 eandem
1566 2487 1742 2524 essentiam
1761 2516 1769 2524 .

1325 2537 1384 2575 Ad
1399 2549 1564 2585 quartum
1584 2539 1777 2585 respondeo
1791 2538 1834 2573 sie
1849 2552 1857 2573 t
1873 2540 1912 2574 S'i
1935 2550 1989 2573 res
2011 2536 2071 2572 ista
2090 2538 2119 2573 se
2136 2538 2243 2573 habe·

1274 2600 1327 2625 ret
1342 2592 1390 2625 uti
1425 2587 1627 2632 Philosophi
1682 2588 1826 2624 *entiles
1854 2588 2170 2634 imaginabantur,
2197 2587 2244 2622 es-

1274 2640 1383 2675 sentia
1401 2637 1521 2674 divina
1541 2637 1620 2673 esset
1636 2639 1869 2673 determinata
1885 2650 1930 2674 ex
1950 2639 1980 2673 se
1996 2636 2040 2672 ad
2058 2638 2146 2672 lianc
2165 2636 2239 2671 sub-

1274 2688 1489 2729 sistentiam,
1510 2689 1542 2723 ἃ
1566 2689 1837 2724 constitueretur
1864 2690 2010 2735 persona
2041 2699 2108 2721 non
2135 2698 2242 2732 nega-

1273 2744 1370 2775 tione
1390 2738 1520 2785 aliqua,
1534 2738 1585 2773 sed
1605 2738 1756 2774 Deitate
1770 2737 1840 2784 ipsa
1855 2738 2089 2774 determinata
2110 2736 2152 2771 ad
2168 2737 2244 2770 sub-

1273 2787 1454 2825 sistendum
1475 2792 1506 2821 in
1529 2800 1599 2822 uno
1625 2787 1796 2835 supposito
1827 2798 1835 2820 ε
1870 2789 1978 2824 Sicut
2003 2790 2036 2821 in
2065 2786 2243 2821 creaturis

1277 2841 1349 2874 haec
1380 2848 1506 2873 natura
1520 2838 1568 2874 est
1595 2841 1742 2873 omnino
1756 2839 1909 2873 limitata
1925 2836 1969 2872 ad
1997 2836 2064 2871 hoc
2093 2834 2243 2882 supposi-

1276 2900 1353 2925 tum
1370 2913 1379 2922 .
1397 2886 1467 2924 Sed
1482 2900 1544 2922 nos
1557 2915 1565 2929 ‚
1583 2892 1736 2924 veritate
1754 2888 1936 2923 revelante
1951 2913 1961 2929 ‚
1980 2886 2167 2921 didicimus
2181 2912 2191 2926 ‚
2208 2886 2241 2919 ὃς

1274 2939 1429 2974 fatemur
1440 2937 1504 2973 esse
1520 2939 1565 2972 ibi
1580 2940 1755 2983 originem
1772 2950 1781 2979 ς
1808 2949 1849 2972 ac
1869 2947 2054 2982 propterea
2072 2944 2235 2969 naturam

1277 2990 1371 3025 illam
1386 3000 1453 3023 non
1474 2987 1540 3022 esse
1559 2999 1605 3022 eir
1624 2987 1652 3022 se
1671 2986 1714 3022 ad
1731 2999 1834 3023 unam
1850 2985 2097 3021 subsistentiam
2115 2983 2237 3019 deter-

1279 3042 1469 3078 minatam;
1495 3038 1527 3072 8<
1556 3036 1637 3072 ideo
1650 3049 1711 3072 nec
1724 3037 1934 3072 constituere
1972 3033 2062 3081 posse
2082 3034 2238 3080 aliquam

1278 3088 1486 3135 personam,
1512 3087 1591 3122 ciim
1617 3100 1685 3123 non
1716 3085 1755 3121 fit
1783 3084 2124 3122 incommunicabilis
2157 3110 2165 3118 .
2197 3082 2244 3118 Et

1278 3138 1358 3172 ciim
1377 3138 1502 3172 dicitur
1516 3149 1559 3173 ex
1571 3139 1709 3182 origine
1725 3164 1734 3177 ,
1757 3137 1839 3171 nihil
1861 3134 2006 3170 essentiae
2025 3132 2156 3168 divinae
2173 3133 2243 3167 adi-

1279 3192 1385 3223 mitur
1414 3213 1421 3221 .
1447 3185 1620 3222 Concedo
1635 3185 1796 3221 niliilsibi
1827 3185 1965 3221 detrahi
1999 3196 2060 3230 per
2089 3185 2245 3228 origina-

1279 3241 1410 3272 tionem
1426 3240 1530 3271 unius
1551 3236 1697 3283 persona:
1717 3237 1759 3270 ah
1780 3238 1868 3277 alia,
1899 3234 1952 3268 sed
1965 3244 2083 3269 tamen
2101 3233 2167 3267 hac
2189 3245 2246 3266 ve-

1281 3291 1386 3322 ritate
1413 3285 1542 3322 adstrui
1559 3286 1759 3332 oppositum
1782 3286 1872 3319 illius
1902 3283 1986 3320 falsie
2017 3281 2220 3332 hypothesis
2238 3307 2250 3322 ,

1281 3341 1394 3383 inqua
1407 3336 1548 3373 essentia
1576 3334 1619 3370 de
1653 3335 1684 3371 se
1715 3334 1940 3370 constitueret
1969 3335 2151 3380 personam
2169 3357 2180 3372 ,
2206 3342 2248 3365 eo

1280 3387 1376 3433 quod
1394 3387 1437 3421 ad
1469 3396 1574 3421 unam
1593 3384 1841 3420 subsistentiam
1868 3384 1958 3418 foret
1989 3382 2221 3417 determinata
2239 3405 2247 3413 .

1281 3435 1495 3483 Oppositum
1522 3445 1610 3478 ergo
1635 3434 1839 3481 hypothesis
1870 3432 2157 3477 Philosophorum
2187 3442 2251 3476 po·

1284 3498 1371 3522 nens
1387 3489 1563 3529 originem
1577 3510 1588 3525 ‚
1600 3495 1668 3518 non
1682 3483 1796 3519 aufert
1811 3481 1959 3518 essentiae
1975 3480 2247 3527 perfeetionem:

1284 3535 1378 3571 tollit
1402 3546 1518 3570 tamen
1551 3533 1694 3568 modum
1726 3531 2033 3579 incompossibilem
2057 3527 2252 3563 constituti—

1284 3597 1370 3622 vum
1384 3584 1552 3631 personae,
1578 3585 1638 3630 qui
1657 3581 1742 3618 esset
1766 3594 1872 3618 verus
1886 3592 1930 3615 cx
1943 3580 2020 3615 falsa
2052 3576 2253 3623 suppositio-

1285 3648 1327 3671 ne
1351 3647 1360 3668 :
1392 3644 1435 3668 ex
1455 3644 1523 3678 qua
1542 3636 1648 3668 etiam
1683 3631 1829 3668 videtur
1845 3630 1977 3666 auferri
1994 3629 2036 3664 de
2055 3627 2201 3663 essentiae
2217 3628 2256 3661 il·

1285 3687 1355 3720 lius
1388 3681 1626 3729 perfefhone,
1649 3683 1731 3729 quia
1762 3679 2017 3727 significaretur
2043 3677 2107 3713 esse
2137 3682 2167 3712 in
2198 3677 2254 3711 illa

1289 3737 1485 3774 limitatio,
1508 3732 1622 3779 qualis
1647 3730 1741 3766 estin
1760 3733 1894 3766 naturis
1908 3732 2063 3769 creatis,
2095 3727 2139 3762 ad
2152 3739 2255 3761 unam

1295 3782 1548 3820 subsistentiam
1566 3781 1832 3822 determinatis,
1858 3779 1893 3815 8<
1920 3781 2068 3814 imitatis
2084 3803 2094 3813 .
2148 3823 2206 3859 Ad

2284 2004 2328 2034 De
2355 2003 2396 2034 his
2410 2003 2482 2032 infra

2283 2043 2423 2086 quast-40.
2434 2053 2483 2070 cr-

2283 2089 2332 2111 uc.
2345 2091 2375 2118 4.

2285 2371 2397 2404 q.3.cir.
2411 2373 2482 2401 &De

2277 2408 2395 2447 scando
2418 2432 2427 2440 .
2448 2413 2481 2438 V.

2286 2449 2345 2484 etsi
2371 2450 2482 2478 omniuo

2277 2486 2334 2522 fiat
2349 2504 2359 2514 .
