2666 4109
129 2965 252 3000 Qlodlib·
273 2968 312 2991 16·

98 2999 126 3036 ᾖ.
138 3000 172 3025 Ad
182 3007 313 3037 argumen-

101 3039 153 3058 mm
161 3039 288 3058 contrariu
304 3049 311 3055 .

699 164 917 229 Tamus
943 163 980 227 1.
1000 161 1162 229 Pars
1184 161 1497 256 LQuaestio
1513 162 1673 232 XIV.
1691 166 1831 234 Art.
1850 168 2009 235 Xm.

331 265 422 291 unus
433 256 530 290 color
556 255 653 288 fieret
670 255 823 289 naturali
845 266 882 288 tr
899 254 1043 300 praesens
1059 283 1069 297 ‚
1094 255 1130 291 8(
1145 256 1241 291 alius
1257 262 1299 290 ll.-

331 305 426 346 bere‚
443 303 558 339 adhuc
574 303 702 337 oculus
724 303 857 338 videret
876 305 1092 340 nituraliter
1108 316 1300 352 utrunque,

332 362 452 387 tamen
466 356 716 397 contingenter
729 352 904 388 diceretur
927 352 1050 389 videre
1065 365 1171 390 unum
1197 355 1298 401 obje-

330 400 428 437 Gtum
441 427 453 443 ,
471 401 505 436 &
524 400 617 437 aliud
633 402 852 444 neceffari03
877 407 957 448 quia
976 400 1063 437 ficut
1090 403 1298 450 illudpofl’et

331 463 398 487 non
414 450 536 486 videre
554 478 563 493 ‚
589 454 637 486 ita
653 451 744 487 istud
758 462 825 487 non
840 450 951 498 poss'et
969 463 1039 486 non
1068 453 1210 488 videre.
1237 451 1298 487 Est

331 504 443 547 igitur
456 504 490 536 in
509 500 687 536 intellcftu
713 503 841 537 divino
869 502 1011 537 scientia
1040 502 1229 537 certillima
1257 513 1298 536 o·

333 552 470 586 mnium
487 554 769 596 contingentium
782 551 986 586 futurorum
1001 562 1065 596 per
1077 550 1228 586 eandem
1242 562 1299 586 ra·

329 605 462 637 tionem
488 600 706 646 intelligendi
723 629 734 645 ,
757 613 822 649 per
851 612 957 648 quam
986 600 1152 647 intelligit
1180 604 1299 636 omnia

332 650 505 698 poffibilia
524 649 708 685 neceffaria
723 676 732 685 .

388 699 451 735 An
470 700 735 736 ARGUMENTA
750 725 761 735 .
776 700 833 735 Ad
850 703 999 746 primum
1014 699 1206 748 respondeo
1219 728 1229 744 ,
1248 711 1300 735 re-

334 748 452 796 speetu
469 749 671 784 intelleflus
693 749 834 791 divini,
861 749 893 783 8(
919 754 950 785 in
980 750 1009 786 se
1037 749 1155 786 futura
1183 753 1297 784 omnia

335 799 582 843 contingentia
601 798 731 833 babere
747 802 936 835 veritatem
951 799 1223 836 determinatam
1239 810 1299 842 ‚e-

332 847 448 884 tiamsi
466 847 795 883 nullusintellcaus
808 849 975 896 superilla
1001 849 1178 885 ferretur.
1203 850 1300 884 Cum

335 902 427 934 enim
442 897 683 942 intelligantur
696 898 816 933 futura
832 900 975 945 praecise
988 897 1064 947 post
1078 899 1199 935 aetum
1209 898 1301 934 divi-

334 959 386 984 nae
403 948 612 991 voluntatis,
623 947 849 984 decernentis
861 952 894 983 in
910 949 1114 985 :eternitate
1124 961 1164 986 ea
1181 953 1216 985 in
1234 948 1299 984 ali-

331 1010 403 1046 qua
414 996 608 1033 differentia
625 1002 800 1043 temporis
815 1009 1004 1045 acceptura
1021 998 1088 1035 effe
1101 999 1300 1040 reale,hanc

334 1049 659 1085 determinationem
674 1045 824 1083 ostendit
839 1047 983 1084 essentia
1013 1048 1203 1085 intellectui
1219 1047 1300 1083 infi-

334 1101 409 1135 nito
425 1125 436 1140 ‚
451 1099 510 1145 qui
524 1098 664 1133 subinde
680 1096 913 1133 determinate
929 1098 982 1134 illa
1001 1099 1177 1144 cognoscit
1205 1099 1236 1132 in
1259 1097 1300 1131 fi-

334 1161 408 1196 gno
423 1147 606 1194 posteriori
622 1146 666 1181 ad
679 1146 797 1182 ae‘tum
812 1148 1012 1183 voluntatis
1025 1150 1174 1184 liberum
1187 1175 1197 1189 ‚
1211 1147 1298 1182 ficu-

336 1203 363 1234 ti
383 1202 417 1233 in
430 1197 527 1245 ligno
546 1200 652 1244 priori
671 1200 774 1232 novit
788 1205 950 1234 extrema
969 1197 1133 1245 simplicia
1150 1224 1160 1240 ‚
1176 1198 1209 1232 8(
1221 1198 1299 1246 pos-

335 1248 468 1289 sibilia,
492 1246 806 1292 &complexiones
820 1258 867 1283 ex
894 1248 962 1283 illis
990 1258 1160 1290 neutras,
1187 1247 1223 1282 id
1249 1245 1298 1281 est

335 1297 427 1346 poffe
442 1298 571 1333 babere
597 1296 684 1331 hanc
702 1296 1060 1340 determinationem,
1089 1298 1142 1334 seu
1170 1297 1299 1332 futuri-

337 1351 497 1390 tionem‚
530 1345 563 1380 &
582 1358 647 1381 non
661 1346 907 1382 futuritionem
925 1375 934 1383 .
962 1347 1008 1382 Et
1023 1347 1102 1382 cum
1129 1347 1298 1387 infertur3

334 1400 446 1443 igitur
463 1397 673 1440 superfluum
696 1395 744 1433 est
771 1395 965 1440 consiliari,
992 1397 1026 1431 8(
1052 1399 1254 1442 negotiari,
1276 1395 1298 1430 fi

334 1447 449 1483 altera
463 1457 546 1493 pars
579 1446 626 1481 est
644 1445 873 1481 determinate
887 1447 1005 1482 futura
1025 1458 1034 1481 ;
1069 1446 1276 1482 Dicendum
1290 1473 1302 1489 ,

334 1498 526 1533 lllationem
543 1494 608 1531 effe
633 1495 828 1542 negandam
844 1509 854 1537 ς
881 1500 964 1543 quia
977 1498 1059 1533 licet
1077 1508 1146 1533 una
1163 1509 1242 1545 pars
1259 1496 1300 1531 fit

334 1558 423 1583 vera
446 1550 480 1582 in
498 1546 528 1582 se
540 1545 776 1581 determinate
794 1573 803 1588 ,
831 1558 898 1581 non
917 1556 1034 1582 tamen
1063 1548 1109 1582 ita
1126 1574 1139 1589 ‚
1164 1550 1246 1595 quin
1268 1551 1299 1581 in

335 1595 509 1646 potestate
526 1595 634 1631 causae
651 1594 692 1630 fit
705 1607 771 1643 pro
790 1596 849 1631 illo
863 1596 1145 1643 instantiponere
1162 1595 1298 1645 opposi-

334 1657 441 1689 tum,
465 1647 499 1682 8(
529 1645 590 1680 ista
606 1645 900 1682 indeterminatio
916 1646 1035 1681 sufficit
1061 1647 1104 1682 ad
1118 1647 1301 1683 coniilian·

334 1697 445 1738 dum,
471 1695 801 1741 &negotiandum
826 1696 922 1743 quod
948 1697 1024 1732 fieri
1058 1701 1178 1745 nequit
1205 1703 1301 1732 circa

336 1747 517 1795 prae'entia
531 1772 543 1788 ,
566 1745 598 1780 8(
617 1749 792 1793 praeterita
810 1748 917 1791 3quia
931 1759 1010 1780 cum
1025 1745 1172 1794 fintjam
1192 1745 1304 1795 pofita

336 1797 358 1834 ὲ
376 1807 479 1846 parte
496 1798 568 1838 rei,
591 1799 744 1842 amplius
761 1807 828 1830 non
846 1797 967 1831 suntin
984 1795 1157 1842 potestate
1175 1797 1305 1839 causat,

337 1857 378 1883 ut
397 1855 573 1894 ponantur
589 1872 599 1888 ‚
628 1847 685 1880 vel
699 1856 768 1879 non
787 1856 985 1892 ponantur.
1000 1846 1097 1895 Quia
1118 1851 1227 1892 igitur
1254 1859 1306 1882 re·

336 1895 456 1946 fpeflu
473 1896 677 1930 futurorum
695 1896 923 1943 quoadusque
948 1897 1064 1932 futura
1096 1898 1194 1939 lunt,
1220 1897 1303 1932 sem·

335 1947 399 1998 'per
412 1947 524 1983 altera
538 1955 623 1991 pars
639 1943 753 1991 potest
768 1952 908 1982 evenire
923 1972 933 1987 ,
957 1950 1126 1994 quamvis
1138 1946 1303 1993 opposita

341 1997 386 2034 fit
409 2001 443 2033 in
474 1994 505 2030 se
532 1995 792 2038 determinata,
811 1998 953 2044 quiaque
984 1996 1113 2043 potest,
1140 1997 1173 2032 8(
1195 1997 1305 2033 debet

340 2052 432 2084 circa
446 2045 501 2081 illa
516 2042 658 2080 confilia
673 2056 798 2090 capere
818 2072 830 2088 ‚
857 2048 890 2082 &
905 2049 1087 2093 negotiari
1100 2073 1108 2083 .

391 2097 451 2134 Ad
465 2094 668 2132 Secundum
684 2095 878 2140 respondeo
892 2096 959 2131 fic:
992 2097 1307 2146 Qiemarlmodum

340 2158 411 2184 non
424 2145 472 2182 est
490 2143 768 2191 imperfcft÷0nis
782 2146 854 2183 Dei
883 2157 1083 2194 potentiam
1114 2147 1307 2194 producere

341 2197 439 2234 hunc
452 2193 614 2231 effeetum
629 2193 908 2232 determinatum
927 2224 938 2239 ‚
965 2197 997 2231 8<
1015 2210 1081 2232 non
1093 2197 1311 2243 oppoiitum‚

330 2249 421 2284 ’ἰπιό
434 2257 501 2282 nec
512 2242 625 2293 posse,
651 2247 684 2278 in
702 2245 792 2280 sensu
811 2246 1007 2294 composito
1023 2260 1033 2288 ς
1050 2253 1097 2282 ita
1114 2248 1201 2283 {cire
1217 2247 1309 2282 hanc

343 2306 508 2347 partem,
546 2305 672 2340 nempe
708 2294 948 2332 futuritionem
978 2296 1212 2339 Antichristi‚
1241 2308 1308 2331 non

346 2347 397 2383 est
413 2348 482 2382 ulla
509 2342 730 2390 imperfeetio
744 2346 778 2379 in
804 2344 876 2382 Dei
896 2346 1035 2381 scientia
1052 2346 1182 2381 infinita
1201 2350 1310 2393 ;quia

345 2396 430 2432 sicut
445 2395 488 2432 ad
505 2397 805 2440 omnipotentiam
825 2396 904 2432 fittis
917 2396 966 2431 est
981 2396 1072 2442 posse
1098 2399 1217 2431 omnia
1237 2396 1310 2442 pos-

346 2447 476 2487 sibilia,
492 2445 526 2480 &
545 2455 613 2478 non
635 2456 741 2478 unum
759 2448 873 2491 magis
889 2472 899 2489 ‚
916 2458 1021 2492 quam
1041 2446 1136 2481 aliud
1152 2473 1162 2488 ‚
1190 2450 1239 2480 ita
1264 2444 1309 2481 ad

346 2492 716 2534 scientiaminfinitam
731 2494 856 2530 sufficit
878 2495 971 2541 poffe
1001 2495 1148 2532 tendere
1178 2500 1208 2530 in
1237 2507 1310 2530 om-

344 2558 425 2583 nem
437 2545 567 2582 divinae
583 2543 779 2579 voluntatis
794 2543 1125 2581 determinationem
1153 2545 1312 2591 ref'pec'tu

344 2597 575 2637 futurorum3
604 2602 708 2640 atque
730 2594 781 2627 ita
800 2603 838 2629 ut
855 2596 1021 2641 intelligit
1041 2594 1246 2632 Antichristi
1263 2595 1314 2630 fu-

346 2650 576 2686 turitionem‚
601 2646 648 2679 ita
665 2642 806 2679 &nosse
833 2643 1004 2691 potuisset
1032 2657 1102 2681 non
1131 2644 1314 2680 futuritio-

346 2709 427 2734 nem
441 2696 518 2744 ejus
531 2721 542 2739 ‚
564 2692 587 2729 fi
615 2697 667 2729 ita
684 2693 865 2731 voluntati
890 2694 1022 2731 divinae
1037 2695 1228 2732 decernere
1242 2696 1313 2743 pla-

347 2745 494 2785 cuisset.

398 2796 458 2834 Ad
474 2793 642 2832 Tertium
669 2794 886 2843 responde0‚
914 2795 1124 2843 assumptum
1162 2793 1227 2830 esse
1254 2793 1314 2829 fal-

349 2849 450 2885 stim.
481 2845 525 2882 Et
546 2845 626 2881 cum
661 2849 834 2893 probatur
873 2850 1009 2893 primo,
1035 2849 1117 2894 quia
1146 2844 1314 2892 quicquid

348 2899 454 2936 Deus
471 2906 566 2933 certa
582 2895 722 2932 scientia
738 2899 887 2942 attingit
899 2895 965 2932 effe
990 2896 1149 2931 futurum
1163 2922 1174 2938 ‚
1198 2895 1312 2930 neces-

348 2949 440 2985 sario
454 2947 544 2982 erit.
576 2947 673 2980 Huic
698 2946 895 2991 responsum
918 2946 984 2981 fuit
1011 2948 1133 2994 supra,
1158 2946 1312 2981 articulo

349 2999 488 3039 offla-1¹10,
510 3007 581 3031 non
607 2995 674 3032 effe
706 2996 751 3031 ibi
780 2997 885 3032 aliam
915 2997 1176 3039 necessitatem,
1205 2996 1310 3043 quam

348 3048 620 3094 consequentias,
644 3046 678 3080 8(
702 3046 980 3082 conditionalem
1006 3060 1016 3088 ς
1053 3047 1193 3092 perinde
1219 3057 1260 3080 ac
1287 3045 1309 3081 Γι

349 3097 558 3138 diceretur,
593 3095 618 3130 fi
647 3095 770 3132 Petrus
797 3101 933 3140 currit,
959 3096 1149 3132 necessario
1176 3099 1311 3139 currit,

318 3158 322 3171 ²
346 3153 456 3195 quum
470 3155 587 3181 tamen
601 3144 804 3192 {impliciter
816 3146 925 3181 libere
940 3157 1064 3181 currat
1077 3173 1085 3182 .
1102 3145 1151 3181 lta
1167 3146 1188 3181 fi
1208 3145 1310 3181 Deus

347 3199 413 3233 scit
426 3193 680 3234 Antichristum
692 3196 768 3231 fore
785 3222 795 3237 ,
809 3198 934 3242 utique
945 3195 1134 3232 neceffario
1146 3198 1311 3244 sequitur,

348 3247 459 3293 ipsum
473 3245 659 3291 aliquando
673 3244 853 3283 futurum.
870 3245 943 3281 Sed
969 3246 1197 3283 nibilominus
1222 3247 1310 3282 libe-

348 3298 386 3334 re
401 3297 546 3331 omnino
559 3292 608 3329 est
631 3306 649 3328 a
665 3296 730 3330 suis
743 3294 856 3331 caulis
876 3295 1125 3342 producendus
1148 3323 1157 3332 .
1185 3297 1241 3334 Ad
1259 3298 1309 3332 se-

347 3346 498 3382 cundam
526 3342 769 3390 probationem
784 3370 796 3385 ,
817 3345 972 3380 concedo
998 3348 1031 3379 in
1065 3345 1145 3380 Deo
1168 3351 1310 3395 reperiri

348 3394 581 3432 necessitatem
604 3392 928 3435 immutabilitatis,
954 3393 1008 3428 sed
1037 3394 1125 3429 hanc
1149 3407 1215 3430 non
1243 3396 1309 3433 effe

348 3444 583 3482 necessitatem
597 3441 824 3489 fimpliciter3
852 3443 906 3477 sed
923 3444 1071 3479 alterius
1087 3447 1235 3481 rationis
1263 3448 1310 3482 ab

350 3494 435 3531 ista.
464 3493 844 3530 Namimmutabilitas
858 3503 905 3527 ex
933 3493 961 3528 se
985 3505 1051 3529 non
1080 3497 1226 3539 privat,
1248 3494 1308 3531 nisi

347 3544 542 3593 possibilem
566 3540 809 3577 successionem
834 3541 981 3586 oppofiti
1014 3542 1058 3576 ad
1083 3542 1282 3589 oppositum
1298 3571 1307 3582 .

348 3594 400 3630 At
412 3592 591 3630 neceffitas
604 3592 808 3640 simpliciter
835 3590 990 3627 absolute
1015 3595 1131 3638 privat
1149 3592 1309 3638 possibili-

349 3653 462 3679 tatem
478 3644 579 3691 hujus
593 3639 745 3691 oppositi
764 3652 773 3682 3
799 3639 832 3676 8(
858 3638 939 3675 ideo
964 3652 1031 3675 non
1051 3640 1228 3686 sequitur,
1245 3655 1308 3688 op.

351 3692 501 3740 positum
527 3695 650 3739 nequit
665 3689 846 3728 succedere
857 3688 1044 3738 oppofit03
1071 3702 1155 3736 ergo
1170 3691 1308 3738 opposi-

350 3750 425 3776 turn
442 3754 508 3777 non
526 3742 639 3788 potest
654 3740 756 3778 inesse
772 3738 921 3786 ,Itaque
936 3739 1057 3776 divina
1076 3740 1242 3777 voluntas
1252 3752 1306 3778 et-

348 3789 371 3824 fi
394 3791 494 3839 possit
523 3792 612 3829 velle
639 3787 899 3830 Antichristum
914 3788 1014 3835 fore,
1039 3789 1075 3830 &
1106 3801 1176 3827 non
1200 3789 1274 3831 fore
1289 3805 1306 3838 3

1363 267 1561 292 nontamen
1589 256 1910 302 cumfficceffione‚
1937 266 2020 307 quia
2036 258 2160 294 subiret
2175 260 2330 308 aliquam

1359 308 1595 341 mutationem
1612 319 1623 349 ;
1641 306 1914 344 &nihilominus
1930 313 1979 345 ita
2006 308 2083 344 vult
2111 307 2190 354 ejus
2204 310 2330 345 futuri-

1359 357 1496 389 tionem
1510 381 1521 397 ‚
1543 364 1583 390 ut
1597 355 1695 402 possit
1712 356 1798 392 velle
1817 361 1850 393 in
1866 357 1993 394 eodem
2015 358 2111 402 signo
2130 358 2203 404 ejus
2214 371 2329 405 oppo-

1359 401 1485 446 fitum,
1516 415 1559 439 ac
1582 413 1772 452 propterea
1799 404 2002 454 fimpliciter
2030 407 2163 450 libere,
2190 408 2223 443 &
2247 418 2330 444 con-

1362 454 1540 499 tingenter
1558 454 1634 489 vult
1648 481 1659 497 ‚
1687 454 1746 490 etfi
1768 456 2058 491 immutabiliter.
2083 457 2120 491 Si
2140 468 2230 492 vero
2250 457 2331 493 fim-

1360 503 1503 549 pliciter
1515 502 1706 540 necessario
1721 503 1852 546 vellet,
1869 506 2072 552 impoffibile
2091 504 2147 540 libi
2161 506 2244 542 effer
2258 519 2326 544 non

1361 555 1410 587 ita
1432 551 1523 588 velle
1537 579 1547 594 ‚
1563 551 1663 588 ficuti
1681 552 1884 601 impoffibile
1901 554 1948 590 est
1962 554 2177 592 intellectum
2192 569 2257 591 non
2274 561 2327 591 in-

1360 601 1519 647 telligere
1531 601 1687 638 divinam
1705 602 1880 638 effentiam
1897 631 1907 646 ,
1932 605 1963 639 8(
1975 602 2116 650 obieeta
2140 607 2260 641 omnia
2285 606 2330 641 {e-

1363 650 1556 694 cundaria,
1574 662 1650 699 quae
1665 653 1889 698 attinguntur
1910 666 1973 700 per
1996 654 2171 690 essentiam
2190 682 2201 697 ,
2227 655 2260 691 8(
2289 657 2324 692 in

1364 699 1504 737 essentia
1522 728 1532 743 ,
1560 710 1600 736 ut
1617 703 1649 736 in
1663 701 1803 748 objeSto
1824 706 1922 748 prius
1935 708 2085 748 cognito
2096 723 2107 739 .·

1415 749 1548 786 Tertiae
1564 751 1766 797 probationi
1786 752 1977 798 respondeo
1990 752 2053 787 fic:
2072 753 2201 801 alfquid
2212 753 2328 802 potest

1366 799 1470 836 inesse
1487 799 1572 838 Deo
1586 799 1801 848 dupliciter,
1830 802 2114 845 velsormaliter‚
2142 803 2174 838 8(
2201 808 2324 839 intrin—

1366 849 1441 886 sece
1455 877 1466 892 ‚
1493 859 1533 885 ut
1557 854 1673 886 omnis
1685 849 1855 896 perfeetio
1870 853 1989 887 divina
2002 876 2012 893 ,
2036 853 2179 888 &omne
2197 853 2266 888 tale
2280 853 2328 889 est

1365 899 1507 935 realiter
1523 899 1648 936 Deus:
1668 901 1699 938 8(
1712 899 1826 946 potest
1839 902 1938 938 inesse
1954 913 2017 948 per
2029 902 2327 949 praedicationem,

1364 948 1451 985 ficut
1464 950 1573 996 logice
1598 949 1781 998 quodlibet
1807 951 2040 1000 praedicatum
2069 951 2201 988 dicitur
2228 952 2330 988 incise

1364 998 1542 1046 subjec‘to:
1563 998 1610 1035 Et
1640 1000 1826 1036 secundum
1853 1001 1940 1038 hanc
1968 1003 2164 1045 rationem,
2191 1015 2257 1038 non
2282 1001 2331 1037 est

1366 1048 1468 1084 Deus
1481 1049 1651 1096 quicquid
1679 1048 1728 1086 est
1748 1054 1781 1085 in
1813 1049 1900 1087 Deo
1916 1079 1926 1094 ‚
1949 1051 2047 1087 sicuti
2072 1053 2333 1101 appellationes

1366 1098 1547 1140 relativae,
1574 1110 1650 1146 quae
1664 1110 1709 1134 ex
1723 1110 1883 1148 tempore
1900 1101 2069 1138 dicuntur
2096 1104 2139 1139 de
2158 1103 2241 1138 Deo
2255 1129 2264 1144 ,
2291 1109 2332 1136 ut

1369 1147 1540 1183 Dominus
1566 1175 1576 1190 ‚
1603 1148 1778 1193 Creator,
1815 1151 2074 1197 Conservam-r,
2109 1154 2141 1189 &
2166 1151 2335 1200 ejusmodi

1367 1198 1671 1233 denominationes
1687 1200 1864 1236 manifeste
1880 1202 1972 1237 baud
1987 1200 2181 1248 significare
2199 1202 2333 1250 pofl'unt

1367 1247 1503 1293 aliquid
1531 1247 1622 1282 idem
1652 1247 1736 1284 Deo
1763 1263 1772 1292 ;
1802 1254 1882 1298 quia
1925 1263 2010 1286 tunc
2042 1264 2110 1288 non
2139 1252 2243 1288 essent
2283 1263 2330 1288 ex

1367 1305 1535 1343 tempore
1552 1323 1560 1332 .
1586 1296 1709 1345 Itaque
1725 1303 1754 1333 in
1770 1301 1913 1336 scientia
1933 1301 2007 1338 Dei
2023 1302 2180 1350 respeetu
2193 1303 2331 1338 futuro-

1367 1359 1446 1382 rum
1467 1347 1539 1382 duo
1552 1346 1625 1382 sunt
1641 1347 1890 1386 consideranda
1905 1350 1936 1386 8(
1952 1352 2063 1398 ipsum
2077 1354 2179 1399 scire
2202 1354 2332 1389 forma-

1368 1398 1448 1432 liter
1467 1397 1499 1432 8(
1518 1396 1677 1433 absolute
1692 1425 1702 1440 ‚
1729 1398 1761 1434 8(
1776 1399 1820 1435 de
1832 1401 1903 1436 hoc
1916 1400 2183 1438 concedendum
2201 1403 2248 1439 est
2268 1402 2334 1437 effe

1367 1446 1462 1483 idem
1489 1447 1574 1484 Deo
1586 1447 1641 1489 ,&
1658 1447 1777 1483 Deum
1793 1452 1956 1494 realiter3
1970 1452 2003 1487 &
2016 1452 2167 1498 qualiter
2184 1453 2233 1489 est
2249 1454 2331 1487 seire

1366 1498 1475 1545 hujus
1488 1496 1639 1540 obieffli;
1663 1509 1734 1544 quo
1761 1498 1852 1535 sensu
1879 1512 1946 1536 non
1972 1501 2057 1537 inest
2087 1501 2170 1538 Deo
2198 1501 2254 1538 nifi
2282 1502 2331 1536 se·

1366 1547 1481 1583 cundo
1499 1545 1630 1582 modo.
1648 1546 1707 1584 Est
1722 1551 1816 1585 enim
1834 1549 1917 1585 illud
1936 1552 2016 1588 scire
2045 1552 2148 1599 hujus
2166 1555 2309 1589 termini
2322 1580 2333 1596 ,

1365 1601 1448 1646 quia
1463 1597 1531 1633 hoc
1545 1595 1667 1634 scitum
1685 1598 1790 1635 habet
1803 1599 1996 1646 respec‘stum
2016 1602 2060 1637 ad
2077 1603 2254 1639 scientiam
2279 1603 2332 1638 di-

1367 1652 1499 1689 vinam,
1516 1646 1609 1683 unde
1624 1647 1739 1695 aliqua
1754 1650 1949 1695 appellatio
1965 1653 2116 1689 relativa
2133 1653 2218 1690 inest
2232 1654 2329 1697 Deo,

1367 1697 1454 1732 sicut
1479 1696 1712 1743 predicatum
1737 1699 1918 1746 subjefto:
1936 1713 2012 1749 quae
2037 1704 2110 1738 iane
2139 1705 2332 1751 appellatio

1367 1760 1436 1783 non
1450 1746 1498 1783 est
1511 1748 1555 1783 de
1566 1759 1715 1784 numero
1726 1749 1981 1795 perfectionum
2003 1750 2227 1799 simplicit-em
2243 1759 2332 1803 quia

1366 1797 1426 1833 sibi
1445 1807 1618 1844 repugnat
1643 1799 1812 1835 inteniiva
1829 1799 2005 1845 infinitas3
2024 1815 2065 1838 ac
2078 1804 2221 1850 proinde
2237 1805 2331 1841 haud

1366 1846 1565 1897 dependere
1581 1846 1693 1895 potest
1717 1847 1736 1884 a
1751 1860 1914 1886 creatura
1928 1878 1936 1892 ,
1953 1862 2013 1889 aut
2027 1858 2217 1900 coexigere
2232 1867 2330 1890 crea-

1367 1907 1485 1933 turam
1501 1901 1533 1932 in
1545 1909 1754 1945 quocunque
1769 1900 1836 1945 effe
1852 1913 1863 1943 3
1879 1901 1911 1936 8(
1923 1901 2003 1938 ideo
2023 1903 2142 1940 Deum
2158 1905 2242 1941 scire
2259 1905 2331 1940 An-

1370 1946 1519 1983 tichristi
1537 1948 1802 1991 sinuationem,
1825 1961 1933 1996 prout
1949 1953 2157 1999 intelligitur
2183 1954 2327 1992 transire

1368 1998 1468 2046 super
1490 1996 1586 2031 illum
1612 2002 1803 2034 terminum
1819 2025 1831 2042 ,
1857 2001 1916 2036 v'el
1954 2002 2131 2049 objeftum
2147 2032 2156 2046 ‚
2194 2017 2262 2040 non
2283 2005 2332 2040 est

1369 2045 1543 2096 perfeftio
1578 2046 1800 2094 simpliciter,
1843 2049 1900 2085 sed
1927 2054 2098 2097 perfeffiio
2130 2054 2333 2102 simpliciter

1369 2110 1452 2133 cum
1476 2096 1624 2141 addito,
1645 2098 1741 2145 quod
1764 2099 1950 2136 necessario
1971 2107 2233 2142 concomitatur
2251 2117 2332 2156 per-

1368 2148 1556 2184 fectionem
1573 2146 1775 2194 limpliciter
1789 2175 1798 2183 .

1418 2196 1477 2234 Ad
1495 2196 1675 2246 Qartum
1688 2224 1698 2239 ‚
1728 2197 1784 2234 Est
1800 2200 1968 2247 responfio
1992 2203 2104 2239 tal's:
2129 2205 2211 2242 licet
2231 2205 2333 2242 causa

1369 2248 1526 2295 suprema
1545 2247 1586 2283 fit
1600 2247 1789 2285 necessaria
1805 2262 1816 2292 ς
1843 2248 1988 2287 effeetus
2005 2264 2121 2289 tamen
2141 2254 2253 2301 potest
2269 2255 2334 2291 effe

1370 2302 1581 2343 contingens
1610 2310 1759 2345 propter
1788 2300 1926 2336 causam
1960 2314 2051 2345 prox
2069 2316 2161 2340 mam
2195 2310 2334 2341 contin·

1369 2359 1511 2395 gentem
1529 2374 1536 2381 .
1559 2349 1886 2393 Sicutgerminatio
1900 2352 2024 2397 plantae
2053 2355 2101 2389 est
2124 2358 2335 2400 contingens

1373 2409 1517 2445 propter
1541 2398 1678 2433 causam
1708 2400 1911 2444 proximam
1940 2408 2197 2447 contingentem
2216 2434 2223 2443 ,
2248 2406 2335 2440 licet

1373 2457 1492 2481 mutus
1511 2447 1589 2483 solis
1605 2475 1615 2490 ,
1643 2451 1702 2494 qui
1722 2447 1771 2483 est
1785 2450 1883 2483 causa
1899 2456 2011 2498 prima
2030 2480 2040 2496 ‚
2055 2454 2091 2490 lit
2106 2455 2311 2491 necessarius
2325 2481 2333 2489 .

1376 2496 1422 2532 Et
1438 2496 1593 2533 fimssliter
1609 2497 1692 2532 scita
1708 2496 1725 2533 a
1749 2498 1835 2534 Deo
1851 2499 1923 2534 sunt
1939 2505 2196 2549 contingentia,
2214 2515 2336 2551 proter

1373 2548 1494 2582 causas
1509 2551 1690 2593 proximas
1704 2575 1713 2590 ‚
1729 2549 1808 2583 licet
1829 2548 1969 2586 scientia
1994 2552 2094 2596 Dei,
2107 2566 2183 2601 quae
2194 2555 2241 2591 est
2258 2566 2338 2591 cau-

1375 2597 1407 2632 sa
1426 2602 1536 2646 prima
1553 2625 1563 2639 ‚
1594 2596 1634 2632 fit
1666 2596 1854 2633 necessaria
1881 2625 1890 2634 .
1914 2600 2053 2637 Contra
2077 2604 2162 2648 hoc,
2189 2605 2336 2640 scientia

1381 2647 1453 2683 Dei
1475 2659 1542 2681 non
1569 2647 1629 2682 dat
1660 2646 1903 2683 futuritionem
1933 2652 2060 2695 rebus,
2090 2654 2145 2689 sed
2170 2655 2336 2690 voluntas

1377 2700 1478 2742 primi
1504 2696 1601 2731 liberi
1617 2725 1626 2732 .
1652 2708 1698 2732 ex
1721 2697 1845 2740 di'c‘tiQ
1876 2703 2029 2737 articulo
2051 2705 2188 2741 offavo:
2215 2705 2338 2752 imposs

1376 2746 1473 2782 libile
1498 2745 1547 2781 est
1563 2749 1656 2781 enim
1670 2747 1799 2782 summe
1815 2749 2045 2787 necessarium
2077 2755 2263 2790 involvere
2280 2767 2337 2791 ne·

1373 2796 1550 2832 cessariam
1572 2797 1819 2832 habitudinem
1834 2798 1875 2833 ad
1892 2801 2022 2848 aliquid
2042 2805 2157 2838 minus
2184 2804 2336 2840 necessa-

1374 2848 1465 2882 rium
1483 2860 1496 2888 ς
1521 2858 1609 2893 ergo
1635 2850 1873 2893 contingentia
1890 2861 1957 2885 non
1975 2851 2059 2888 inest
2073 2853 2211 2890 rebusa*
2228 2853 2338 2889 caufis

1373 2900 1549 2947 prox÷mis
1563 2898 1705 2943 praecise
1718 2923 1728 2939 ,
1751 2896 1808 2932 sed
1833 2900 2078 2944 potiffimumii
2103 2907 2212 2949 prima
2231 2905 2335 2939 causa

1374 2949 1620 2993 contingenter
1635 2947 1818 2983 causante.
1850 2946 1927 2985 imo
1945 2950 2053 2997 posita
2081 2953 2275 2989 necessitate
2299 2958 2335 2988 in

1375 3002 1488 3044 prima
1515 2999 1673 3032 omnium
1685 2997 1786 3031 causa
1811 2999 1967 3046 respet‘tu
1992 3001 2337 3046 causandorum‚ni·

1374 3048 1421 3082 hil
1438 3048 1684 3094 contingenter
1712 3058 1855 3084 evenire
1882 3049 1997 3095 posse.
2023 3052 2055 3086 8<
2071 3056 2187 3088 omnia
2216 3053 2260 3088 ab
2279 3053 2336 3089 illa

1374 3096 1569 3132 necessario
1585 3097 1764 3132 causatum
1777 3100 1818 3132 iri
1833 3125 1844 3141 ‚
1868 3097 2040 3137 ostensum
2059 3101 2105 3137 est
2121 3105 2161 3136 in
2183 3105 2337 3139 articula

1373 3147 1583 3183 immediate
1598 3146 1814 3194 pret-cedenti
1825 3173 1835 3184 .

1425 3195 1483 3232 Est
1502 3202 1609 3242 igitur
1621 3196 1808 3232 dicendum
1825 3223 1835 3240 ‚
1858 3196 2067 3245 assumptum
2092 3201 2159 3238 esse
2188 3206 2332 3248 verum,'

1374 3247 1407 3282 8(
1423 3247 1502 3282 ideo
1520 3245 1676 3293 respeftu
1693 3245 1903 3282 faetibmum
1916 3247 1983 3284 effe
2000 3249 2085 3286 Deo
2115 3253 2334 3297 incompossi-

1376 3298 1480 3332 bilem
1490 3308 1629 3331 omnem
1650 3294 1881 3331 necestitatem
1895 3309 2195 3349 praeteream,que
2210 3301 2259 3337 est
2274 3315 2335 3338 ne-

1373 3346 1835 3388 ceffitasimmutabilitatis3
1849 3357 1963 3383 tamen
1979 3359 2059 3386 cum
2074 3350 2139 3386 hac
2154 3351 2241 3388 stare
2258 3352 2334 3399 pos-

1373 3397 1405 3433 se
1417 3395 1659 3431 omnimodam
1673 3394 1874 3432 libertatem
1888 3397 1932 3432 ad
1944 3408 2044 3435 eXtra
2062 3413 2072 3443 3
2092 3411 2131 3436 ut
2147 3402 2180 3436 in
2198 3411 2336 3437 antece-

1371 3447 1541 3482 dentibus
1553 3448 1673 3480 extitit
1689 3444 1785 3481 decla
1792 3454 1908 3482 ratum
1919 3472 1928 3484 .

1424 3496 1481 3531 Ad
1495 3507 1556 3536 ea,
1578 3506 1653 3541 quae
1671 3493 1898 3531 adducuntur
1915 3509 1979 3543 pro
2007 3498 2116 3535 altera
2141 3502 2332 3546 opinione.

1371 3546 1466 3581 Cum
1484 3546 1612 3580 dicitur
1635 3548 1810 3580 aeternitas
1823 3545 1870 3582 est
1890 3548 2048 3583 immensa
2062 3575 2072 3590 ,
2100 3559 2204 3595 atque
2223 3550 2335 3586 infini-

1368 3605 1405 3631 ta
1425 3607 1434 3633 ς
1468 3606 1555 3636 ergo
1581 3592 1832 3641 compleffltur
1861 3607 1965 3631 omne
1989 3606 2152 3645 tempus,
2184 3597 2216 3632 &
2239 3602 2333 3648 quic-

1368 3644 1452 3692 quid
1475 3643 1523 3679 est
1549 3647 1579 3678 in
1600 3652 1786 3691 tempore;
1808 3644 1965 3693 adeoque
1981 3646 2098 3682 futura
2125 3659 2269 3696 quaeque
2299 3653 2334 3685 in

1367 3695 1481 3740 aliqua
1495 3690 1872 3740 temporisdifferentia
1898 3705 2040 3742 oportet
2059 3697 2236 3743 praesentia
2265 3698 2331 3735 effe

1366 3746 1575 3780 aeternitati.
1606 3740 1663 3779 Est
1679 3742 1848 3791 responsio
1861 3749 1961 3780 exiis
1977 3772 1988 3787 ‚
2012 3756 2087 3793 quae
2108 3747 2331 3794 objicieban-

1366 3803 1425 3832 tur
1436 3804 1558 3833 contra
1574 3792 1670 3845 illam
1682 3794 1956 3844 explicationem
1969 3795 2119 3835 scienti:
2136 3797 2209 3835 Dei
2223 3797 2265 3833 de
2276 3798 2330 3833 fu-

2195 3851 2287 3886 turis

2367 1729 2492 1763 Qodlib·
2501 1741 2529 1764 q.
2541 1739 2565 1765 ¹2

2376 2194 2404 2221 5.
2416 2194 2528 2222 Thomas
2543 2199 2587 2224 h'e

2374 2227 2399 2259 §.
2408 2229 2445 2253 Ad
2458 2236 2570 2264 primum
2579 2249 2587 2256 .
