2666 4109
80 1585 202 1611 vitlem
224 1587 300 1613 6105

83 1619 228 1647 fiLvtheti
255 1620 299 1644 su-

83 1659 132 1690 ,εἷ
138 1652 191 1683 dis&
203 1655 299 1687 36-pri·

125 1700 138 1714 D

641 191 860 259 Tamus
882 188 922 255 1.
960 188 1121 256 Pars
1139 190 1177 256 1.
1209 191 1432 284 Quoest.
1471 193 1529 257 X
1535 190 1624 259 Vl.
1657 189 1855 263 Artic.
1878 194 1992 263 Vll.

345 284 452 323 bere,
474 289 578 328 atque
593 283 638 315 ita
662 282 795 327 semper
813 280 909 315 fuisse
925 307 935 323 ‚
960 282 992 324 S<
1011 282 1089 320 fore
1106 311 1116 326 ‚
1148 284 1320 321 Accedit-

342 336 450 368 etiam
462 328 580 377 ,quod
594 332 692 365 ratio
704 328 935 374 aternitatis}
949 331 1062 379 quaest.
1082 345 1132 369 io.
1150 335 1304 369 articulo

336 384 458 430 primo
471 406 482 422 ,
493 379 668 416 declarata
683 407 693 422 ‚
703 379 800 419 nulio
814 382 922 415 modo
933 380 1099 428 adaptari
1112 382 1225 430 potest
1240 395 1300 419 ve-

342 432 440 465 ritati
455 438 580 465 creatae
597 443 608 473 ;
633 440 721 475 ergo
733 439 800 465 non
815 429 862 465 est
877 439 1003 466 aeterna
1023 458 1033 467 .

392 476 456 515 An
474 480 752 519 ARGUMENTA.
769 479 827 517 Ad
839 483 992 526 primum
1007 479 1205 526 respondeo
1217 508 1228 524 ‚
1257 493 1304 517 ex

342 541 385 563 eo
399 528 496 564 aliud
514 541 581 565 non
596 528 786 572 concludi,
813 529 870 565 nifi
884 530 981 576 quod
1013 531 1148 566 difi‘tum
1177 531 1243 568 fuit
1263 534 1304 566 in

326 579 525 623 solutione,
537 583 702 614 nimirum
717 583 905 625 veritatem
918 590 1077 616 creatam
1096 580 1140 615 de
1152 581 1304 617 neceffa-

339 631 404 662 riis
420 628 855 676 effeeternamfi‘cundum
871 630 959 676 quid
977 642 1041 677 pro
1057 632 1194 666 ratione
1215 631 1303 668 scili-

338 685 396 713 eet
415 688 659 714 extremorum
670 705 681 721 ‚
695 677 738 713 de
752 678 881 725 quibus
892 679 939 713 est
952 692 962 720 ;
982 681 1027 715 iis
1039 692 1165 726 nempe
1179 689 1306 715 extre-

341 731 433 769 mis,
455 729 511 764 vel
528 726 680 773 objeetis
706 727 908 763 intelleftus
932 729 1041 765 divini
1072 731 1191 777 nequit
1206 743 1302 765 com-

337 786 458 823 petere
473 805 483 821 ,
495 777 590 825 quod
606 777 654 824 est
663 778 819 812 conditio
831 778 974 815 realiter
990 779 1184 823 existentis,
1202 779 1302 816 sicuti

334 827 385 863 est
397 832 593 863 aeternitas.

352 902 354 904 -
387 877 446 914 Ad
462 876 651 913 &cundum
664 877 851 913 dicendum
865 904 876 920 ‚
905 883 1019 915 minus
1034 879 1129 915 τεξὶέ
1156 879 1303 916 attribui

336 928 447 962 alium
458 926 622 963 effeetum
640 928 748 963 cansae
762 927 954 976 exemplari
969 929 1173 965 distinetum
1190 929 1237 965 ab
1252 929 1302 966 ef-

338 976 434 1013 fefiiu
447 978 546 1025 cause
559 976 741 1014 efficientis
755 990 766 1020 3
791 989 868 1014 nam
884 978 988 1013 eausa
1001 980 1216 1027 exemplaris
1231 992 1300 1015 non

338 1026 389 1062 est
402 1026 460 1062 nili
474 1026 654 1074 quoddam
679 1027 835 1063 efficiens
847 1050 856 1061 .
884 1026 1011 1065 Genus
1027 1033 1119 1065 enim
1136 1030 1244 1065 causae
1259 1029 1303 1064 ef-

341 1076 490 1116 ficientis
505 1077 682 1113 dividitur
695 1079 726 1113 in
741 1077 899 1113 efficiens
913 1089 977 1124 per
994 1079 1214 1117 inteifeetum
1230 1106 1241 1121 ,
1257 1079 1301 1114 fi-

342 1140 386 1163 ve
400 1126 576 1174 propofitu
584 1128 663 1170 m‚&
673 1128 831 1163 efficiens
849 1138 912 1172 per
922 1140 1145 1172 naturam,ex
1161 1130 1301 1177 5.Phys1

337 1187 412 1213 tex.
431 1191 458 1214 c.
473 1180 532 1224 46.
549 1179 649 1219 Sicut
662 1178 772 1224 igitur
784 1178 1003 1215 naturaliter
1013 1180 1218 1227 producens
1230 1192 1300 1216 non

338 1227 388 1263 est
403 1228 473 1264 alia
493 1229 596 1264 causa
611 1228 657 1262 ab
672 1228 869 1271 efficiente,
891 1231 940 1263 ita
958 1242 1022 1265 nec
1048 1230 1301 1277 exemplariter

339 1277 540 1324 producens
553 1306 563 1321 ‚
578 1286 686 1324 atque
704 1282 750 1313 ita
765 1279 858 1314 idem
873 1278 922 1314 est
935 1277 1095 1316 effecftum
1108 1308 1120 1323 ‚
1133 1280 1167 1315 &
1181 1291 1302 1315 exem-

335 1326 483 1374 plariter
499 1328 715 1376 productum
734 1328 1127 1376 alicujusintelligentis
1141 1334 1172 1365 in
1188 1341 1299 1378 quan-

333 1389 409 1414 tum
426 1378 474 1414 est
486 1379 682 1423 intelligens
698 1378 753 1420 ,ἃ
767 1383 974 1426 inquantum
991 1381 1233 1425 exemplatim
1259 1394 1301 1418 ac

334 1428 483 1476 proinde
498 1427 621 1478 eedem
635 1432 877 1473 proprietates
888 1455 899 1472 ‚
911 1440 978 1476 que
989 1433 1205 1465 conveniunt
1219 1442 1301 1476 pro-

332 1478 442 1515 ducto
457 1491 517 1527 per
535 1476 753 1514 inteflee‘tum
764 1506 776 1522 ‚
798 1479 914 1515 insunt
928 1478 1046 1514 eidem
1060 1489 1100 1519 ut
1113 1484 1298 1533 exempla-

329 1538 409 1565 tum
427 1555 438 1564 .

381 1579 441 1614 Ad
455 1583 604 1615 tertium
621 1578 1015 1625 respondeo‚veritatem
1029 1590 1200 1626 creatam,
1211 1595 1255 1632 qu
1263 1596 1300 1619 a·

332 1639 436 1665 tenus
463 1638 636 1676 perpetua
665 1628 713 1663 est
737 1656 748 1671 ‚
775 1631 914 1665 fundari
941 1633 971 1666 in
1000 1634 1065 1677 esse
1090 1632 1299 1681 intelligibili

331 1679 430 1728 quod
449 1688 667 1726 aceeperunt
680 1682 803 1715 omnia
832 1681 877 1716 ab
897 1681 1080 1717 intelletfftu
1110 1681 1237 1720 divino
1263 1686 1298 1720 in

332 1733 551 1770 eternitatem
580 1728 669 1764 illud
682 1739 801 1766 autem
830 1733 894 1776 asse
910 1732 1124 1778 intelligibile
1143 1730 1299 1768 diminu-

330 1782 368 1816 te
383 1779 570 1822 tantum‚&
589 1779 780 1815 secundum
796 1782 887 1828 quid
898 1782 1063 1827 appellari
1076 1781 1206 1818 debere
1221 1784 1298 1830 effla

331 1830 380 1868 Et
398 1831 479 1866 cum
493 1830 691 1877 probatur,
718 1831 801 1875 quia
817 1831 913 1877 lapis·
923 1830 1112 1866 secundum
1133 1833 1219 1867 illud
1232 1834 1299 1880 effe

328 1881 454 1918 fimdat
467 1881 679 1916 relationem
701 1880 746 1914 ad
762 1879 905 1924 Deum,
932 1891 970 1917 ut
984 1882 1151 1918 scientem
1172 1884 1302 1920 verissi-

332 1933 388 1966 me
405 1935 436 1966 in
454 1933 643 1977 eternitate
663 1930 770 1974 ipsum
787 1930 1018 1978 lapidem:Est
1031 1933 1139 1979 igitur
1161 1946 1301 1978 verum,

331 1982 366 2022 ,81
381 1983 475 2017 reale
493 1980 582 2027 effe,
613 1980 915 2027 quemadmodum
935 1982 968 2017 8(
980 1982 1164 2018 certissime
1179 1984 1296 2021 scitur.

330 2028 549 2077 Responfio:
568 2036 689 2077 utique
702 2029 972 2067 fundamentum
989 2033 1172 2068 relationis
1188 2033 1236 2070 est
1250 2036 1297 2071 se·

329 2080 485 2118 cundum
502 2080 583 2115 illud
600 2083 665 2127 este
682 2106 693 2122 ‚
726 2081 914 2117 secundum
941 2083 1035 2130 quod
1068 2083 1188 2120 fundat
1204 2085 1296 2120 rela-

327 2138 464 2169 tionem
477 2157 488 2172 ,
500 2129 562 2165 nifi
577 2132 707 2166 relatio
723 2132 806 2166 talis
823 2131 862 2167 fit
875 2133 1077 2168 diminuens
1093 2133 1295 2181 limpl‘citer

327 2183 396 2231 effi:
405 2179 652 2217 fundamenti:
676 2183 726 2217 uti
741 2185 864 2218 evenit
879 2187 914 2218 in
928 2184 1006 2219 casu
1021 2196 1030 2218 ε
1056 2195 1136 2218 nam
1150 2185 1218 2231 effe
1235 2197 1296 2220 co-

327 2237 467 2281 gnitum
479 2257 492 2274 ‚
503 2229 560 2266 vel
572 2232 818 2278 exemplatum
830 2259 843 2275 ‚
860 2232 910 2268 est
923 2231 1177 2269 determinatio
1191 2235 1294 2270 dimi-

325 2295 443 2320 nuens
454 2294 466 2317 ε
490 2281 541 2318 At
557 2280 772 2317 diminutum
786 2281 946 2329 respeftu
958 2283 1190 2319 diminuentis
1202 2311 1213 2327 ‚
1226 2296 1295 2320 non

327 2333 377 2370 est
389 2334 603 2368 diminutum
617 2358 629 2374 ‚
646 2331 701 2367 sed
712 2330 872 2376 respe5m
890 2337 1014 2375 tertii,
1031 2333 1075 2369 ad
1089 2333 1185 2381 quod
1197 2345 1296 2369 corn—

329 2392 477 2431 paratur
508 2381 620 2429 ipsum
651 2381 711 2416 sub
737 2380 1034 2418 determinatione
1064 2383 1295 2420 diminuente.

328 2433 546 2480 Exemplum
559 2443 569 2466 ε
594 2431 764 2479 AEthiops
776 2431 824 2478 est
835 2433 937 2468 albus
948 2434 1150 2479 ficundum
1161 2435 1295 2470 demes.

330 2484 400 2519 Hic
413 2483 489 2518 sane
505 2493 574 2516 non
586 2481 796 2517 diminuitur
811 2482 944 2521 album,
962 2483 1018 2517 sed
1037 2486 1210 2530 accipitur
1228 2495 1294 2530 pro

327 2534 408 2569 albo
422 2531 623 2579 simpliciter
657 2529 810 2577 respectu
838 2532 943 2580 hujus
970 2531 1293 2568 determinationis:

328 2593 369 2620 at
384 2593 424 2619 ut
441 2582 615 2629 accipitur
630 2580 691 2616 sub
703 2592 744 2615 ea
762 2580 1063 2619 determinatione
1079 2609 1090 2624 ,
1106 2582 1238 2618 dicitur
1249 2583 1293 2619 de

328 2632 501 2680 AEthiope
517 2642 688 2678 tanquam
702 2630 933 2667 diminutum.
949 2633 1034 2667 Haec
1053 2634 1164 2678 igitur
1175 2633 1296 2669 deter-

328 2684 491 2725 minatio,
504 2682 572 2729 ‘'ff‘'
583 2684 787 2727 cognitum,
799 2691 863 2717 aut
872 2682 1115 2728 exemplatum
1131 2709 1142 2723 ‚
1152 2693 1217 2719 aut
1229 2683 1295 2731 effi’

328 2736 369 2770 in
381 2733 621 2769 intelleffione
632 2759 641 2774 ‚
656 2740 721 2766 aut
737 2734 777 2766 in
790 2734 964 2778 opinione:
978 2731 999 2781 )
1013 2732 1084 2766 haec
1097 2736 1192 2768 enim
1217 2745 1293 2768 om-

327 2787 383 2820 nia
398 2781 677 2830 equivalent)est
691 2780 944 2817 determinatio
956 2782 1154 2817 diminuens
1167 2809 1176 2818 .
1195 2783 1293 2818 Nam

326 2832 391 2871 etsi
405 2835 472 2882 effe
486 2833 519 2869 in
531 2833 562 2868 se
574 2845 646 2868 non
660 2831 698 2867 fit
716 2831 1075 2875 diminutum‚tamen
1088 2842 1129 2866 ut
1145 2843 1293 2879 compa-

329 2894 434 2919 ratur
449 2882 496 2920 ad
505 2888 650 2920 tertium
661 2886 807 2918 omnino
819 2881 1030 2918 diminuitur
1046 2908 1056 2917 .
1069 2883 1218 2930 Quippe
1229 2883 1298 2930 asse

332 2935 488 2971 Homeri
498 2932 700 2980 simpliciter
711 2959 723 2975 ‚
747 2930 795 2966 est
808 2932 988 2979 objettum
1001 2933 1181 2980 opinionis
1196 2960 1207 2976 ‚
1237 2932 1294 2968 led

335 2985 425 3020 idem
443 2987 508 3032 esse
520 2992 563 3019 ut
574 2989 611 3019 in
627 2987 793 3030 opinione
806 3008 817 3023 ‚
849 2981 896 3018 est
908 2985 974 3030 este
997 2981 1184 3017 secundum
1197 2982 1295 3029 quid:

334 3035 370 3070 8<
383 3034 465 3069 ideo
486 3046 557 3070 non
583 3034 758 3081 sequitur:
788 3032 971 3068 Homerus
999 3032 1048 3080 est
1058 3035 1097 3066 in
1121 3035 1297 3079 opinione:

331 3096 420 3130 ergo
437 3085 618 3120 Homerus
618 3084 831 3130 fimpliciter
850 3082 897 3130 est
909 3109 920 3123 ‚
949 3092 1036 3125 aut,
1057 3083 1238 3118 Homerus
1252 3082 1299 3130 est

335 3133 489 3181 exzstens
498 3138 539 3169 in
550 3137 712 3182 opiniom⁷
727 3145 814 3178 3erg
821 3132 1207 3179 osfmpliciter'existizz
1225 3133 1297 3168 Sed

331 3185 386 3224 ‘est
411 3183 548 3219 fallacia
575 3183 762 3221 secundum
786 3182 873 3228 quid
905 3181 950 3216 ad
967 3180 1194 3228 simpliciter.
1220 3182 1295 3218 Ita-

334 3248 403 3286 que
418 3233 658 3279 comparando
671 3233 715 3267 ad
728 3231 1002 3267 intellettionem
1016 3232 1176 3268 divinam
1191 3245 1299 3268 omne

337 3283 556 3330 intelligibile
570 3296 580 3316 ;
595 3283 689 3329 lapis
700 3282 895 3330 simpliciter
907 3293 971 3328 per
981 3282 1076 3317 illam
1089 3285 1297 3330 attingitur,

328 3337 466 3375 nedum
480 3332 664 3368 secundum
680 3334 745 3378 este
755 3330 969 3372 effentiaeJed
981 3333 1088 3368 etiam
1105 3331 1295 3367 secundum

337 3387 405 3435 effe
417 3382 631 3421 existentiae:
662 3390 779 3416 tamen
804 3390 841 3416 ut
854 3382 915 3416 sub
942 3380 1005 3416 tali
1029 3384 1298 3429 comparatione

337 3443 483 3473 omnino
495 3433 704 3467 diminuitur
719 3457 727 3465 .
753 3430 838 3466 Non
857 3430 931 3465 sane
944 3429 1173 3472 distrahitur,
1200 3430 1296 3479 quasi

336 3493 490 3536 nequeat
502 3482 590 3518 stare
602 3483 666 3525 elie
681 3479 881 3528 fimpliciter
892 3492 973 3514 cnm
989 3492 1033 3516 eo
1046 3478 1199 3526 respectu
1219 3491 1229 3514 :
1245 3481 1300 3517 sed

336 3535 546 3573 diminuitur
562 3534 611 3568 ita
627 3544 635 3564 τ
651 3530 745 3577 quod
759 3530 841 3564 talis
852 3529 1030 3575 respeeius
1045 3530 1117 3564 seiti
1133 3531 1178 3565 ad
1190 3531 1297 3566 scien-

335 3597 407 3624 tem
433 3596 506 3619 non
548 3583 650 3618 infert
679 3578 865 3615 necessario
889 3578 986 3614 suum
1011 3578 1293 3627 determinabile,

333 3647 459 3684 nempe
472 3633 628 3681 lapidem
643 3630 709 3666 effe
723 3641 785 3665 ens
798 3627 999 3674 simpliciter
1011 3651 1020 3662 .

386 3685 432 3721 Et
444 3688 540 3720 ratio
552 3684 657 3719 realis
669 3682 795 3717 horum
810 3676 868 3719 est,
884 3682 967 3725 quia
986 3679 1098 3724 prima
1113 3676 1293 3716 distinetio

335 3739 423 3774 entis
436 3734 577 3769 videtur
594 3731 659 3768 effe
673 3732 706 3766 in
721 3742 784 3765 ens
812 3730 921 3764 extra
937 3731 1089 3763 animam
1103 3755 1114 3770 ‚
1137 3727 1217 3764 &in
1230 3740 1296 3766 ens

335 3790 373 3823 fin
386 3786 501 3822 anima
516 3809 525 3817 .
556 3782 629 3818 Ens
645 3791 750 3817 extra
767 3779 920 3815 animam
941 3776 1055 3824 potest
1078 3776 1245 3824 distingui
1261 3780 1297 3814 in

346 3833 468 3872 aetum
486 3859 496 3877 ‚
513 3832 546 3868 &
563 3835 760 3881 potentiam
773 3827 918 3882 effentiae
930 3854 942 3872 ,
965 3825 1205 3882 &existentrff
1218 3841 1228 3880 ,f
1242 3826 1295 3882 Et

2201 220 2288 275 22
2305 223 2342 276 Is

1378 285 1613 334 quodcunque
1626 298 1672 321 ex
1686 287 1900 325 habentibus
1911 290 1977 336 effe
1991 299 2093 327 extra
2111 294 2263 327 animam
2275 305 2338 339 po-

1378 335 1443 372 test
1455 335 1521 372 ess‘e
1535 340 1569 371 in
1584 340 1698 374 anima
1710 365 1721 380 ‚
1738 339 1833 385 quod
1845 340 1912 386 ff·
1925 340 1961 374 in
1975 344 2091 376 anima
2115 341 2213 376 aliud
2223 346 2340 387 omni-.¹

1378 397 1428 421 no
1443 384 1493 422 est
1503 386 1547 420 ab
1557 390 1653 421 omni
1667 388 1734 434 effe
1745 399 1848 424 extra
1866 393 2043 424 animam:
2068 391 2196 427 &ideo
2207 390 2249 426 de
2258 391 2338 426 nul-

1376 435 1414 471 lo
1432 444 1510 471 ente
1522 462 1533 477 ,
1549 447 1612 471 nec
1627 435 1670 472 de
1688 438 1807 485 aliquo
1818 440 1884 485 effi’
1896 439 2049 484 sequitur
2065 467 2076 482 ‚
2093 440 2196 481 habet
2207 439 2273 476 esse
2285 440 2338 475 di·

1380 490 1553 521 minutum
1569 486 1599 520 in
1616 490 1734 522 anima
1752 500 1865 534 :ergo
1879 487 1984 524 habet
1998 490 2064 535 effe
2081 488 2285 535 simpliciter
2302 515 2311 523 .

1429 534 1524 571 Cum
1539 535 1689 571 secundo
1697 537 1867 583 probatur
1883 541 2013 580 minor,
2030 538 2190 574 concedo
2208 538 2337 584 produ-

1379 583 1533 620 &ionem
1544 596 1662 620 rerum
1679 587 1712 621 in
1725 589 1790 633 este
1815 586 2026 632 intelligibili
2058 599 2127 623 non
2154 587 2221 624 esse
2250 587 2337 624 rela-

1379 637 1486 669 tionis
1500 643 1638 670 tantum
1652 662 1662 677 ‚
1678 635 1733 671 sed
1749 641 1857 671 etiam
1871 635 2088 672 fundamenti
2104 638 2336 673 absplutimon

1376 684 1518 729 quidem
1530 685 1601 720 secu
1609 685 1716 722 ndum
1730 686 1797 732 effi
1809 686 2001 734 essentie&
2014 686 2206 723 existentiae
2217 685 2334 734 ‚quod

1374 733 1423 769 est
1436 735 1503 781 effe
1515 733 1738 779 fimpliciter‚
1756 740 1840 783 quia
1860 735 1927 769 hoc
1946 748 2057 782 genus
2088 736 2333 783 produfkionis

1377 783 1428 820 est
1445 785 1637 821 intellefiui
1653 785 1775 821 divino
1808 785 2114 831 incompoffibilis:
2139 786 2194 823 sed
2210 786 2341 822 secun--

1373 834 1457 870 dum
1470 835 1537 881 effe
1551 834 1765 872 diminutum
1779 862 1789 877 ‚
1814 835 1847 870 8<
1862 835 2046 870 secundum
2064 835 2149 882 quid
2163 862 2174 878 ‚
2187 846 2227 871 ut
2244 840 2336 872 exti-

1374 885 1420 919 tit
1435 884 1655 920 declaratum
1669 912 1680 922 .
1708 885 1769 922 Est
1785 887 1895 931 igitur
1915 885 1949 920 id
1975 885 2041 931 effe
2055 885 2271 932 intelligibile
2282 885 2346 922 al-.

1374 938 1488 971 terius
1502 938 1645 971 omnino
1662 939 1812 972 rationis
1826 936 1872 971 ab
1893 938 1991 970 omni
2020 935 2087 981 effi
2114 933 2335 982 simpliciter:

1372 996 1572 1032 quanquam
1588 985 1627 1020 sit
1650 988 1758 1022 totale
1774 1014 1784 1030 ‚
1807 985 1839 1021 ἃ
1865 985 2085 1033 adaequatum
2108 985 2334 1031 repraesenta-

1371 1037 1486 1070 tivum
1500 1034 1605 1082 ipsius
1617 1038 1681 1080 esic
1708 1034 1909 1084 {impliciter
1922 1063 1932 1078 ‚
1951 1035 2049 1083 quod
2081 1039 2242 1082 accipere
2260 1034 2334 1083 pos·

1371 1084 1445 1119 sunt
1467 1085 1645 1121 intellesta
1670 1098 1732 1132 per
1749 1086 1869 1122 aestum
1894 1084 2024 1121 divinae
2046 1085 2268 1120 voluntatis:
2298 1085 2333 1120 8<

1373 1134 1456 1170 ideo
1470 1135 1503 1170 &
1519 1138 1583 1181 este
1602 1137 1834 1183 intelligibili,
1845 1135 1878 1171 &
1890 1135 2203 1183 complexionibus
2218 1135 2333 1170 neces-

1370 1184 1471 1220 sariis
1487 1185 1529 1220 de
1549 1186 1611 1220 tali
1628 1187 1715 1232 effe,
1744 1187 1918 1223 duntaxat
1933 1186 2103 1233 equivoce
2119 1211 2129 1226 ‚
2152 1185 2185 1219 8(
2211 1185 2332 1234 secun·

1370 1234 1456 1270 dum
1469 1235 1554 1284 quid
1567 1238 1737 1271 convenit
1751 1240 1921 1284 eternitas
1934 1263 1944 1278 ‚
1964 1240 2044 1282 quia
2062 1246 2130 1269 non
2148 1234 2207 1269 sub
2219 1247 2261 1270 ea
2273 1246 2332 1270 ra-

1371 1290 1470 1322 tione
1485 1313 1496 1329 ‚
1508 1285 1696 1321 secundum
1711 1298 1816 1334 quam
1844 1285 1893 1323 est
1910 1285 2089 1327 conditio,
2115 1296 2176 1320 aut
2201 1285 2344 1337 mod-us.

1372 1338 1515 1372 realiter
1531 1335 1710 1373 existentis
1726 1363 1735 1372 .

1420 1387 1480 1423 Ad
1496 1396 1661 1433 quartum
1678 1414 1688 1429 ‚
1712 1385 1906 1435 respondeo
1932 1385 2001 1421 tale
2014 1393 2263 1432 argumentum
2277 1394 2333 1417 ur-

1368 1440 1448 1484 geri
1462 1448 1530 1471 non
1547 1435 1639 1483 posse
1654 1464 1664 1479 ‚
1692 1435 1748 1470 nisi
1764 1447 1870 1483 prout
1883 1438 2017 1472 veritas
2033 1435 2257 1482 consequitur
2274 1444 2332 1467 res

1371 1488 1405 1523 in
1423 1496 1584 1533 tempore
1598 1486 1787 1535 produfitas
1800 1497 1950 1534 quarum
1965 1485 2013 1522 est
2029 1497 2153 1521 verum
2169 1483 2331 1530 proprie-

1371 1547 1454 1573 tas:
1469 1537 1525 1571 vel
1544 1546 1648 1583 prout
1663 1536 1712 1573 est
1725 1540 1755 1571 in
1770 1535 1952 1574 intelletiu
1970 1547 2105 1572 creato:
2121 1546 2201 1570 nam
2217 1531 2331 1578 respe-

1370 1587 1640 1624 &uinteileaus
1655 1587 1767 1624 divini
1779 1597 1996 1635 quaecunque
2013 1598 2098 1622 vera
2113 1613 2123 1629 ‚
2146 1586 2180 1619 in
2199 1586 2329 1632 eterni-

1368 1648 1443 1674 tate
1455 1638 1542 1675 talia
1553 1637 1891 1686 fuerunt‚nunquam
1902 1636 2060 1672 subitura
2080 1639 2333 1671 variationem.

1368 1687 1465 1723 Cum
1481 1692 1600 1734 itaque
1615 1693 1780 1735 arguitur
1793 1701 1805 1722 ι
1837 1690 1884 1725 Si
1896 1688 1996 1723 nulla
2006 1690 2145 1723 veritas
2153 1683 2223 1732 est:
2248 1695 2332 1730 ergo

1367 1739 1503 1775 nullam
1513 1741 1710 1775 veritatem
1721 1739 1789 1786 effe
1800 1737 1850 1785 est
1858 1749 1995 1774 verium¹
2009 1736 2271 1782 Consequentia
2283 1731 2334 1768 est

1374 1788 1558 1834 neganda&
1585 1789 1769 1837 Siquidem
1783 1787 1804 1822 fi
1819 1788 1911 1823 nulla
1937 1792 2073 1824 veritae
2089 1784 2136 1822 est
2150 1812 2160 1827 ,
2186 1795 2224 1820 ut
2241 1793 2332 1829 puta

1368 1849 1434 1873 nec
1451 1841 1588 1873 veritas
1604 1844 1655 1874 rei
1670 1842 1803 1884 ‚necin
1821 1836 1995 1872 intelleftu
2017 1845 2255 1879 componente
2268 1860 2278 1874 ,
2295 1834 2331 1870 δε

1367 1887 1572 1923 dividente:
1601 1893 1681 1936 quia
1695 1892 1727 1923 in
1745 1886 1934 1936 hypothesi
1964 1887 2077 1923 nullus
2096 1885 2179 1921 esset
2196 1884 2333 1920 intelle-

1368 1938 1449 1974 tius
1462 1964 1473 1980 ,
1496 1948 1637 1974 tantum
1651 1939 1805 1985 sequitur
1819 1948 1828 1970 :
1840 1940 1888 1974 Se
1901 1937 2001 1973 nulla
2015 1939 2153 1973 veritas
2165 1934 2212 1981 cst
2225 1948 2232 1968 :
2247 1946 2331 1981 ergo

1368 1999 1436 2022 non
1447 1986 1495 2034 est
1507 1999 1644 2031 verum,
1657 1990 1816 2036 aliquam
1832 1989 2029 2023 veritatem
2039 1987 2106 2034 effe
2123 1998 2185 2033 :qu
2194 1998 2222 2019 :a
2236 1986 2332 2020 nulla

1366 2036 1436 2074 est:
1467 2037 1521 2074 sed
1536 2040 1668 2074 exinde
1682 2048 1849 2086 praeterea
1861 2037 1988 2073 inferre
2005 2050 2013 2072 ε
2040 2049 2125 2083 ergo
2137 2047 2262 2072 verum
2281 2033 2329 2081 est

1365 2089 1527 2136 aliquam
1540 2092 1737 2124 veritatem
1750 2098 1817 2122 non
1826 2086 1954 2134 esseaest
1966 2087 2105 2123 fallacia
2117 2088 2332 2134 consequen-

1365 2139 1414 2173 tis
1426 2150 1445 2173 a
1458 2143 1632 2183 negativa
1646 2139 1798 2174 habente
1812 2136 1901 2172 duas
1914 2138 2034 2173 causas
2047 2140 2212 2172 veritatis
2227 2136 2269 2170 ad
2281 2134 2331 2170 af-

1366 2186 1583 2223 firmativam
1601 2217 1612 2232 ‚
1634 2200 1711 2236 quae
1726 2187 1774 2224 est
1788 2199 1858 2222 una
1883 2188 2046 2223 illarum:
2065 2186 2154 2222 ficut
2165 2185 2278 2236 quaest.
2296 2194 2331 2220 Β.

1364 2240 1469 2274 artic.
1490 2249 1518 2273 1.
1534 2240 1645 2274 etiam
1657 2246 1868 2275 annotatum
1887 2237 1952 2273 fuit
1968 2264 1978 2274 .

1505 2334 2028 2375 ARTICULUS
2087 2337 2192 2375 VIII.

1541 2438 1680 2474 Utrum
1697 2440 1831 2475 veritas
1845 2437 1884 2473 fit
1896 2438 2131 2476 immutabilis
2146 2464 2156 2472 .

1426 2538 1566 2574 Potior
1588 2549 1614 2572 ι.
1629 2537 1706 2585 dist.
1725 2550 1753 2584 3.
1768 2536 1881 2585 quaest.
1895 2550 1928 2583 4.
1944 2539 1982 2574 S,
2001 2537 2121 2579 Thom,
2148 2548 2174 2572 ι»
2185 2548 2269 2586 par.

1668 2587 1781 2636 quaest.
1800 2590 1854 2623 16.
1879 2593 1985 2624 artic.
2001 2591 2032 2626 8.

1485 2686 1697 2723 IDETUR
1711 2687 1922 2725 veritaseffe
1933 2691 2079 2724 omnino
2089 2689 2332 2725 immutabilis.

1485 2736 1583 2773 Nam
1598 2737 1888 2784 complexionum
1907 2739 2178 2775 necessariarum
2196 2743 2331 2776 veritas

1365 2800 1435 2823 non
1452 2787 1583 2834 pendet
1598 2800 1661 2835 per
1680 2789 1709 2822 se
1724 2786 1783 2822 nifi
1813 2800 1858 2823 ex
1886 2790 2075 2825 necessaria
2105 2793 2329 2826 connexione

1365 2847 1611 2873 extremorum
1629 2864 1639 2880 ,
1652 2837 1707 2873 seu
1729 2838 1784 2873 illa
1796 2837 1861 2873 sint
1879 2844 1908 2875 in
1920 2840 1987 2886 effe
2002 2839 2105 2875 realis
2121 2840 2329 2882 existentIae‚

1363 2887 1435 2923 five
1451 2896 1589 2923 tantum
1609 2889 1640 2922 in
1657 2887 1836 2924 intelleftu
1853 2899 1862 2922 :
1879 2889 2013 2936 semper
2027 2895 2119 2926 enim
2137 2891 2183 2926 eil
2204 2902 2328 2927 verum

1332 2974 1336 2977 ,
1365 2948 1462 2974 toum
1491 2938 1557 2985 effe
1582 2939 1894 2986 mas'usfitiparte
1906 2941 2150 2987 qualecunque
2176 2943 2239 2988 esse
2264 2939 2328 2974 ha-

1363 2988 1473 3024 beant
1487 2997 1605 3023 totum
1623 3015 1633 3030 ‚
1660 2988 1692 3022 8<
1712 2998 1828 3035 partes
1843 2988 1920 3035 ejus
1934 3016 1942 3024 .
1972 2990 2044 3026 Sed
2076 2989 2097 3025 fi
2120 2997 2252 3026 veritas
2270 2991 2328 3027 illa

1361 3038 1455 3073 forat
1472 3037 1651 3075 mutabilis
1663 3066 1673 3082 ‚
1688 3038 1721 3072 &
1737 3040 1917 3074 variabilis
1934 3066 1944 3083 ‚
1957 3039 1990 3074 id
2012 3040 2173 3087 profetsto
2188 3051 2233 3075 ex
2249 3052 2328 3076 mu·

1363 3091 1498 3125 tatione
1524 3096 1768 3123 extremarum
1792 3094 1974 3124 eveniret:
1997 3103 2084 3137 ergo
2105 3091 2326 3137 quandoqui-

1363 3139 1444 3174 dem
1461 3140 1638 3174 connexio
1651 3137 1802 3183 ipffirum
1818 3151 1884 3174 non
1897 3144 2036 3177 oriatur
2050 3154 2067 3176 a
2083 3140 2326 3176 variabilitate

1363 3198 1607 3225 extremorum
1621 3214 1631 3228 ‚
1655 3199 1731 3233 quae
1746 3198 1896 3234 propter
1919 3189 1984 3224 csse
2012 3192 2120 3226 realis
2135 3189 2326 3228 existentiae

1364 3238 1439 3275 sunt
1450 3239 1638 3274 mutationi
1655 3237 1805 3283 subjetta
1817 3265 1827 3280 ‚
1843 3243 1976 3274 veritas
1986 3239 2034 3275 est
2046 3241 2276 3277 immutabilis
2290 3267 2298 3275 .

1413 3287 1585 3324 Praeterea
1598 3314 1608 3329 ‚
1622 3285 1768 3323 Etiamfi
1782 3290 1899 3323 omnia
1913 3291 2082 3326 continue
2096 3301 2328 3328 mutarentur:

1363 3344 1405 3374 ut
1417 3336 1785 3386 senfill‘el-laraciitum
1801 3336 1908 3373 refert
1926 3338 2144 3381 Aristoteles,
2158 3354 2189 3387 4.
2204 3342 2324 3378 Aleta-

1357 3388 1462 3438 phyfi
1476 3398 1549 3424 tex.
1563 3400 1590 3422 c.
1608 3397 1665 3421 22.
1683 3385 1798 3422 adhuc
1809 3389 2077 3425 immutabiliter
2087 3391 2168 3426 effet
2185 3402 2323 3433 verum,

1361 3440 1482 3476 omnia
1500 3438 1633 3483 semper
1645 3440 1800 3479 mutari,
1819 3446 1858 3471 ut
1873 3436 2116 3486 Phylolbphus
2142 3441 2327 3478 Heraclito

1364 3490 1505 3536 reponit
1518 3513 1528 3525 .
1539 3486 1612 3522 Sed
1628 3479 1794 3532 quamv'is
1808 3486 1892 3522 illud
1904 3487 2023 3524 falsum
2042 3488 2253 3537 assumptum
2265 3490 2322 3526 fo.

1361 3548 1418 3574 ret
1437 3535 1693 3576 verum,adhuc
1710 3541 1848 3573 veritas
1866 3536 1914 3572 est
1927 3539 2227 3575 immutabilis:8<
2244 3553 2324 3587 pro·

1362 3588 1468 3622 batur
1482 3612 1493 3628 ‚
1505 3598 1586 3622 nam
1601 3585 1824 3621 mutabilitas
1847 3590 1878 3622 in
1904 3587 2051 3633 objefto
2067 3601 2135 3624 non
2163 3588 2214 3626 est
2223 3595 2317 3626 ratio

1358 3635 1528 3684 gignendi
1540 3635 1856 3684 representativum
1874 3637 1920 3672 sui
1936 3663 1946 3679 ,
1977 3638 2030 3672 sed
2057 3648 2185 3675 natura
2212 3638 2319 3686 ipsius

1359 3684 1490 3734 objefti
1504 3711 1516 3727 ,
1530 3685 1625 3732 quod
1637 3684 1686 3722 est
1700 3686 1869 3722 mutabile
1882 3698 1893 3723 ε
1906 3698 1994 3731 ergo
2010 3689 2195 3735 exemplar
2204 3702 2321 3740 repre·

1361 3737 1472 3773 sentat
1485 3744 1647 3772 naturam
1662 3747 1725 3785 per
1739 3735 1769 3770 se
1784 3747 1797 3770 τ
1816 3737 1930 3781 igitur
1942 3735 1965 3771 sl
1985 3747 2112 3773 natura
2135 3750 2173 3775 ut
2189 3751 2319 3779 natura

1366 3786 1746 3823 habetimmutabilem
1762 3784 2004 3823 habitudinem
2028 3787 2075 3823 ad
2096 3790 2213 3834 aliud,
2235 3792 2321 3828 illud

1367 3835 1463 3890 aliud
1478 3836 1652 3890 persuum
1664 3835 1846 3887 exemplar
1856 3861 1867 3880 ‚
1878 3836 1912 3876 8<
1923 3841 2148 3879 natutaioem
2164 3852 2226 3889 per
2238 3853 2327 3888 pro-³

2163 3902 2280 3939 prium

2362 1699 2386 1718 1.
2401 1693 2456 1718 dist.
2474 1701 2570 1725 παι-ι.

2357 1726 2382 1753 6-
2404 1726 2440 1751 Aa
2464 1731 2569 1753 tertium

2353 1761 2496 1796 principale
2514 1779 2523 1789 .
