2666 4109
613 196 829 262 Tamus
855 192 892 256 Ι.
913 190 1071 258 Pars
1096 189 1132 253 Ι.
1153 186 1417 280 Quaestio
1434 186 1564 254 XX
1573 184 1686 250 Vll.
1705 188 1842 253 Art.
1861 183 1928 254 V.
2149 208 2183 269 3
2199 208 2228 269 3
2246 206 2271 266 5

283 288 376 327 ἀψὲ,
392 288 442 322 Γςυ
463 285 631 331 ejustlciii,
647 299 699 322 :eu
721 287 868 319 alterius
886 287 1048 323 rationis,
1065 286 1146 328 quia
1167 293 1248 317 tunc

285 348 343 371 uu:
363 339 423 371 irae
455 348 520 370 non
539 337 651 371 ibi‘cnt
682 335 870 380 ndaeqtiatae
900 332 1080 378 principiis
1097 343 1220 366 earum
1238 357 1248 372 .

284 396 344 421 aut
363 398 430 421 non
445 385 637 420 necessarie
651 412 660 426 ‚
690 384 784 431 quoii
803 381 851 418 est
868 381 1070 428 impossibiic
1088 406 1096 414 .

339 436 401 471 An
422 434 760 472 Aacmiexmnd
781 435 928 481 primum
949 430 1151 476 respondem
1166 431 1246 466 Ari-

283 486 441 520 stotelem
462 495 545 519 raro
564 484 756 519 admodum
790 484 983 518 sermonem
1005 479 1185 515 instituisse
1203 480 1247 515 de

288 536 480 576 voluntate,
493 543 532 568 ut
547 534 772 579 dii'tffnguitur
785 542 906 567 contra
925 529 1154 569 intellec‘tum3
1173 533 1247 563 imo

284 595 323 620 ut
341 585 530 627 plurimum
547 582 759 618 intelle-&tuni
774 610 783 624 ‚
812 582 844 615 ἃ
863 581 1078 616 voluntatem
1098 591 1161 624 pro
1179 591 1249 614 uno

282 629 478 681 eodemque
507 636 680 680 principio
711 631 881 677 usurpasse
896 659 906 673 ,
932 640 969 665 ut
1000 641 1123 665 revera
1135 628 1247 664 fecisse

283 684 420 718 constat
434 693 464 717 2.
485 682 587 728 Phys
604 692 677 716 rex.
696 694 755 728 49⁴
774 685 833 715 cir.
853 682 898 715 ibi
917 683 1006 715 enim
1036 679 1248 724 distinguens

285 732 406 768 afftiva
424 734 592 779 princip-a
614 735 645 766 in
662 742 819 766 naturam
834 758 843 772 ,
873 730 904 764 3<
922 728 1136 765 intelleftum
1149 755 1159 770 ‚
1188 728 1249 763 iiib

285 782 433 819 secundo
450 782 609 816 membro
622 808 633 822 ‚
660 781 692 815 8<
708 781 812 827 ipsam
833 782 1051 815 voluntatem
1077 790 1245 825 comprae-

285 831 425 875 hendit5
443 831 601 866 unacum
615 842 684 877 qua
704 829 896 866 intelieehis
912 857 921 872 ‚
940 831 992 865 seu
1008 840 1114 874 agens
1131 827 1149 863 a
1168 841 1249 874 pro-

285 881 398 930 posiio
424 880 471 916 est
494 884 700 928 principium
719 879 954 915 artificialium
981 906 989 915 .
1022 878 1249 915 intellectiva

286 936 399 979 igitur
416 932 574 977 potentia
594 932 733 977 praecise
763 929 975 966 consideran
1004 930 1081 964 curii
1096 928 1136 964 sit
1156 934 1250 976 prin·

288 986 421 1029 cipium
435 982 578 1016 omnino
607 980 882 1015 determinatum
898 980 940 1015 ad
974 978 1149 1025 agendum
1168 1008 1179 1023 ,
1213 988 1252 1015 ut

286 1035 382 1079 ignis
395 1058 406 1074 ,
419 1042 613 1077 caeteraque
633 1029 994 1073 naturalia‚coincidit
1008 1030 1152 1065 omnino
1168 1041 1250 1065 cum

285 1093 438 1125 natura,
463 1090 571 1129 prout
597 1079 940 1127 contradistinguitur
965 1078 984 1116 a
1011 1083 1184 1127 principio
1208 1080 1250 1114 li-

286 1133 378 1171 bero
393 1158 403 1166 .

340 1182 397 1217 Ad
416 1180 722 1216 confirmationem
739 1194 784 1218 ex
799 1180 1034 1229 ostiemphvffl
1053 1178 1254 1222 dicendum,

286 1231 500 1268 intelleetum
527 1236 727 1278 comparari
758 1231 874 1279 posse,
903 1232 955 1266 vel
981 1231 1025 1266 ad
1041 1230 1133 1265 suam
1153 1240 1252 1264 natu-

286 1294 389 1325 ram,
417 1286 664 1328 propriamque
691 1285 963 1328 operationem,
991 1291 1097 1328 quam
1125 1280 1250 1321 elicit,

287 1334 344 1368 vel
373 1331 414 1367 ad
445 1336 667 1377 operationes
698 1332 843 1367 aliarum
877 1341 1113 1377 potentiarum
1127 1355 1137 1370 ,
1161 1340 1250 1374 quas

287 1381 415 1427 dirigit
431 1390 468 1415 ut
482 1382 604 1426 regula
633 1406 642 1414 .
673 1381 792 1416 Primo
809 1381 915 1417 modo
945 1381 1012 1428 ipse
1038 1378 1086 1415 est
1107 1382 1253 1413 omnino

286 1434 498 1479 principium
515 1431 675 1466 naturale
692 1458 702 1474 ‚
718 1432 844 1467 adeout
860 1432 1021 1480 praes'ente
1035 1428 1175 1474 objecto
1193 1440 1254 1462 ne-

286 1490 395 1528 queat
410 1493 475 1515 non
493 1480 711 1526 producere,
737 1482 770 1516 &
784 1487 923 1529 operari
944 1483 1039 1516 circa
1057 1480 1139 1514 illud
1153 1505 1162 1512 .
1194 1478 1252 1514 Ut

287 1544 376 1567 vero
388 1531 512 1577 dirigit
527 1529 629 1565 aetus
643 1531 792 1567 aliarum
822 1541 1064 1579 potentiarum
1076 1558 1086 1572 ‚
1111 1527 1171 1566 etsi
1190 1541 1254 1575 op-

289 1581 401 1628 posita
418 1581 482 1616 iilis
497 1579 655 1616 ostendat
680 1592 717 1617 ut
737 1583 912 1617 voluntati
947 1582 1099 1622 bonum,
1128 1581 1161 1614 &
1180 1591 1253 1614 ma-

287 1632 361 1666 lum
373 1631 431 1673 ,id
444 1630 668 1665 nihilom‘nus
683 1633 775 1667 mere
789 1633 997 1667 naturaliter
1014 1632 1226 1679 representat
1247 1657 1258 1672 ‚

289 1680 537 1727 atqueefficit3
563 1681 667 1715 Sicut
694 1682 740 1716 sol
769 1682 901 1717 liabens
926 1683 1095 1717 virtutem
1126 1680 1255 1727 produ-

290 1730 392 1766 cendi
404 1729 564 1777 opposita
581 1757 590 1772 ‚
611 1741 649 1766 ut
664 1731 945 1778 rquefaetionem
962 1757 972 1773 ‚
985 1732 1017 1766 &
1037 1731 1257 1776 coagulatio-

290 1793 369 1817 nem
385 1794 395 1823 ς
421 1790 576 1816 attamen
597 1781 932 1828 intelleclussuapte
948 1792 1071 1817 natura
1088 1785 1206 1826 nequit
1226 1779 1256 1814 se

290 1832 529 1868 determinare
554 1830 596 1864 ad
613 1843 716 1866 unum
737 1835 850 1878 magis
864 1859 875 1874 ‚
897 1830 1002 1878 quarn
1033 1832 1077 1866 ad
1091 1830 1185 1866 aliud
1205 1840 1252 1865 ex

289 1880 458 1928 oppositis
474 1908 486 1923 ‚
500 1892 575 1927 quae
590 1882 764 1917 voluntati
781 1883 1004 1926 repraesentat
1019 1908 1029 1923 ,
1054 1881 1110 1915 sed
1139 1878 1256 1927 potest

290 1931 477 1968 voluntate
495 1940 726 1966 concurrente
739 1957 750 1973 ‚
768 1943 809 1967 ac
826 1931 1087 1967 determinante
1102 1931 1129 1965 se
1142 1929 1187 1965 ad
1207 1930 1257 1964 al-

291 1990 406 2017 terum
423 1981 563 2015 illorum
589 2007 599 2016 .
627 1982 724 2026 Quia
740 1993 826 2017 vero
845 1980 1078 2029 Philosophus
1104 1981 1121 2028 (
1149 1989 1189 2014 ut
1204 1990 1260 2014 ta-

289 2029 390 2065 etum
419 2029 467 2065 est
489 2030 507 2077 )
530 2036 769 2066 communiter
794 2032 953 2078 loquitur
984 2032 1028 2066 de
1057 2028 1258 2072 intellectu,

288 2090 469 2127 quatenus
482 2092 563 2116 cum
589 2082 777 2117 voluntate
801 2094 907 2118 unum
934 2085 1144 2129 principium
1175 2091 1258 2115 cori-

291 2129 405 2166 stituit
436 2130 589 2177 respecfihi
606 2130 837 2167 artificialium
855 2160 865 2175 ,
895 2132 928 2167 &
957 2146 1022 2168 non
1053 2135 1257 2179 inquantum

289 2180 341 2217 est
353 2181 557 2216 naturaliter
576 2181 758 2217 elicitivus
770 2184 832 2218 suae
846 2186 1061 2230 operationis
1076 2208 1086 2224 ‚
1112 2182 1192 2215 hinc
1209 2179 1258 2215 est

290 2229 388 2278 quod
403 2230 592 2277 aliquando
607 2241 731 2266 contra
763 2242 923 2267 naturam
949 2232 1129 2277 distinguit
1158 2233 1256 2266 intel·

291 2281 437 2323 lectum,
452 2279 510 2316 etfi
526 2292 572 2317 ex
587 2281 617 2317 se
630 2292 695 2315 non
711 2280 824 2317 sitnisi
845 2286 1054 2330 principium
1069 2282 1226 2317 naturale
1247 2307 1257 2316 .

343 2330 402 2366 Ad
429 2330 614 2366 secundum
636 2331 846 2378 respondeo,
871 2332 972 2368 nobis
1000 2333 1188 2367 sermonem
1211 2331 1258 2366 esl-

292 2381 325 2416 se
341 2381 384 2416 de
398 2383 576 2428 principiis
590 2380 782 2428 adaequatis
798 2410 808 2424 ,
833 2383 865 2417 8<
879 2383 1065 2428 completis
1081 2408 1090 2424 ‚
1114 2393 1179 2416 non
1199 2393 1258 2416 ve-

294 2442 336 2465 ro
349 2430 393 2467 ‹le
407 2429 635 2478 inadaequatis
647 2458 657 2473 ,
671 2430 704 2464 &
719 2432 930 2477 partialibus
946 2459 954 2467 .
972 2431 1175 2467 Intelleetus
1191 2434 1258 2465 ita-

296 2492 368 2528 que
382 2480 527 2515 divinus
546 2493 612 2516 non
628 2481 740 2516 induit
757 2487 930 2519 rationem
945 2483 1106 2529 principii
1130 2481 1258 2529 produ-

297 2531 388 2566 ftivi
405 2532 694 2577 notitiaegenitae‚
719 2531 777 2567 nifi
792 2544 966 2580 quatenus
984 2530 1045 2566 sibi
1059 2532 1106 2568 est
1121 2533 1258 2579 presens

297 2579 479 2628 objectum
508 2580 652 2616 infinitae
691 2582 1017 2629 intelligibilitatis3
1047 2586 1258 2629 principium

297 2642 384 2678 ergo
397 2629 647 2677 produetivum
664 2644 724 2679 per
739 2633 883 2668 modum
907 2644 1039 2669 naturae
1057 2632 1104 2668 est
1120 2632 1260 2668 inte¹le-

298 2679 381 2716 etus
399 2680 531 2715 habens
544 2681 791 2730 objec‘tumfibi
811 2684 952 2730 praesens
978 2710 985 2718 .
1016 2681 1070 2717 Ex
1096 2683 1148 2716 his
1166 2685 1260 2716 enim

299 2732 475 2766 conflatur
499 2735 674 2767 memoria
708 2733 859 2779 perfeEta
886 2737 918 2769 in
945 2732 1024 2768 athi
1045 2736 1180 2779 primo.
1213 2732 1253 2766 Si

300 2785 393 2816 enim
406 2779 546 2817 essentia
560 2806 571 2823 ‚
595 2792 634 2818 ut
646 2783 825 2829 objeftum
840 2795 905 2818 non
922 2783 1067 2818 haberet
1083 2786 1259 2817 rationem

300 2833 460 2878 principi·
477 2832 511 2866 in
530 2833 642 2868 Verbi
660 2833 897 2879 produet'one
912 2845 980 2868 non
999 2831 1094 2874 esset,
1109 2843 1173 2866 cur
1190 2843 1264 2866 ma-

301 2881 357 2926 gis
369 2880 543 2917 diceretur
563 2883 722 2918 Verbum
740 2884 886 2920 essentiae
899 2912 909 2926 ‚
929 2895 1034 2930 quarn
1052 2883 1180 2928 lapidis
1193 2908 1201 2918 .
1236 2880 1257 2915 fi

301 2940 349 2965 ex
364 2931 432 2966 sola
448 2931 619 2967 infinitate
635 2933 857 2976 intelleftus,
887 2944 925 2967 ut
941 2936 1103 2981 principii
1132 2930 1264 2979 produ-

301 2978 391 3014 &ivi
408 2980 516 3027 posset
530 2982 675 3029 produci
691 2985 856 3020 Verbum
887 2983 1058 3019 infinitum
1073 3010 1085 3027 ,
1106 2994 1261 3030 quocun·

301 3040 371 3077 que
385 3031 454 3065 alio
470 3032 606 3079 objefto
624 3034 788 3080 praesente
800 3060 808 3069 .

356 3079 415 3116 Ad
427 3086 588 3125 tertium,
607 3085 805 3130 negandum
822 3084 869 3122 est
884 3084 1105 3130 assumptum.
1119 3081 1166 3118 Et
1181 3093 1263 3117 cum

303 3132 421 3177 primo
438 3131 633 3176 probatur,
658 3137 739 3180 quia
753 3140 873 3171 omnia
891 3138 1067 3181 principia
1093 3133 1265 3168 reducun-

304 3189 366 3214 tur
380 3178 424 3213 ad
437 3179 663 3226 essentiam&
676 3183 778 3219 sicuti
792 3185 922 3232 aliquid
937 3186 965 3220 se
981 3184 1087 3219 habet
1098 3189 1128 3220 in
1144 3182 1267 3219 astua-

304 3228 427 3271 litate,
441 3232 489 3266 ita
503 3232 533 3266 8(
551 3235 582 3266 in
602 3233 788 3270 aeuvitate
806 3262 814 3270 .
831 3232 1019 3281 Responsio
1032 3260 1041 3275 ‚
1070 3233 1265 3270 conceden-

304 3279 389 3314 dum
403 3278 450 3314 cst
463 3281 692 3329 perfefftiones
704 3284 846 3320 divinas
859 3286 1032 3331 originari
1043 3284 1088 3320 ab
1099 3283 1238 3320 essentia
1255 3307 1266 3323 ,

306 3340 418 3379 atque
434 3333 482 3366 ita
501 3332 619 3367 reduci
638 3333 682 3368 ad
699 3334 793 3369 illam
808 3336 843 3370 in
861 3338 1034 3376 entitate3
1059 3334 1114 3370 sed
1148 3343 1267 3369 tamen

306 3397 374 3421 non
392 3390 581 3427 propterea
596 3382 816 3419 reducuntur
832 3385 874 3420 ad
887 3385 1032 3421 eandem
1062 3388 1093 3419 in
1125 3387 1264 3418 ratione

305 3431 535 3484 principiandi
551 3460 560 3474 ,
573 3431 666 3480 quasi
678 3436 780 3468 unica
792 3461 801 3474 ‚
815 3447 878 3481 pro
890 3433 1028 3482 essentie
1045 3437 1182 3468 unitate
1195 3459 1206 3474 ,
1229 3431 1272 3468 sit

307 3490 342 3522 in
362 3485 446 3520 Deo
467 3484 519 3517 vis
535 3483 764 3530 principiandi
791 3510 800 3518 .
830 3482 899 3518 Etsi
916 3487 1007 3519 enim
1036 3483 1176 3518 essentia
1197 3494 1268 3518 una.

307 3547 364 3571 res
379 3534 417 3569 sit
431 3545 511 3568 cum
530 3535 592 3568 l'uis
609 3532 887 3579 perfeclionibus
903 3560 914 3576 ,
938 3546 1012 3582 qua:
1029 3534 1075 3568 ab
1089 3534 1145 3568 illa
1159 3536 1270 3578 origi-

309 3597 436 3621 nantur
451 3610 460 3625 ‚
475 3585 545 3631 ipsa
562 3594 677 3619 tamen
696 3594 763 3618 non
780 3584 987 3629 intelligitur
1001 3583 1161 3630 proxime
1177 3586 1272 3628 prin-

309 3639 437 3681 cipium
455 3633 726 3683 produStivum,
750 3630 807 3667 nisi
837 3643 1009 3679 quatenus
1039 3633 1243 3676 intelligens
1259 3659 1270 3675 ‚

311 3685 345 3720 &
365 3686 487 3721 volens
507 3699 515 3720 z
532 3686 614 3719 Haec
628 3688 737 3730 igitur
755 3687 925 3730 principia
940 3685 1078 3718 minime
1095 3682 1273 3718 coincide-

314 3745 351 3770 τε
371 3733 502 3780 possunt
531 3745 611 3769 cum
630 3732 770 3769 essentia
796 3732 1012 3775 formaliter,
1029 3735 1207 3780 quiatunc
1223 3729 1273 3767 es-

314 3784 420 3818 sentia
440 3784 458 3819 a
487 3785 585 3831 seipsa
622 3785 761 3819 realiter
785 3783 1055 3828 dstingueretur
1080 3809 1090 3817 .
1123 3780 1274 3817 Esl'entia

316 3837 422 3881 igitur
432 3834 551 3870 divina
567 3833 629 3872 dat
641 3834 756 3882 ssa&
763 3836 1010 3883 primipara
1028 3833 1061 3870 δι
1071 3835 1163 3870 ratio
1177 3834 1275 3881 prin:

987 3923 1005 3948 t,

985 3950 1007 3970 ιζ.

1317 280 1467 328 cipiandi
1488 278 1668 313 reducitur
1683 278 1725 312 ad
1740 279 1916 315 ess‘entiam
1934 306 1944 321 ,
1959 278 2044 313 ficut
2058 281 2155 313 ratio
2174 288 2279 323 agen-

1317 331 1350 365 di
1371 330 1414 365 ad
1445 332 1616 364 rationem
1630 326 1752 362 essendi
1770 354 1780 368 ‚
1806 340 1910 374 quarn
1936 327 2123 363 necessario
2150 327 2275 373 suppo-

1318 382 1366 415 nit
1386 394 1396 422 ς
1413 378 1466 414 s'ed
1481 389 1547 413 non
1565 385 1753 423 propterea
1769 382 1923 413 rationes
1938 377 2165 420 principiandi
2178 386 2276 422 ‚quae

1315 431 1389 467 sunt
1413 430 1648 476 proprietates
1672 427 1890 462 reducuntur
1916 427 1959 461 ad
1973 426 2147 462 essentiam
2175 428 2205 459 in
2220 436 2275 458 ra-

1313 484 1414 518 tione
1429 474 1662 527 principiandi
1677 502 1688 518 ‚
1716 476 1795 511 cum
1828 477 1890 511 illae
1905 478 2048 523 praecise
2077 475 2138 510 sint
2157 477 2275 521 primae

1315 535 1472 566 rationes
1490 524 1726 572 principiandi
1746 554 1748 559 .

1367 579 1461 614 Cum
1477 575 1626 613 secundo
1640 576 1810 623 probatur
1825 601 1835 616 ,
1850 579 1935 622 quia
1953 573 2048 610 modi
2063 577 2276 621 principian-

1312 631 1350 666 di
1364 630 1609 673 contingenter
1624 652 1634 667 ‚
1658 625 1891 672 &incestui-io
1906 629 2072 659 uniuntur
2099 629 2131 658 in
2148 624 2274 658 volun·

1316 687 1393 715 tate
1406 678 1526 713 divina
1544 702 1553 711 .
1568 675 1786 722 Respondeo,
1801 685 1984 721 propterea
1999 672 2094 721 quod
2110 682 2276 708 neutrum

1315 741 1359 765 ex
1381 729 1434 763 liis
1464 727 1642 773 principiis
1671 723 1827 760 includat
1857 725 2007 770 aliquam
2039 721 2278 769 imperfec‘tio-

1316 791 1394 816 nem
1413 807 1422 821 ,
1437 788 1544 811 unum
1560 775 1604 811 ad
1617 776 1781 815 alterurn,
1798 783 1859 808 aut
1873 773 1978 808 ambo
1990 773 2033 807 ad
2050 775 2194 808 tertium
2212 772 2276 806 ali-

1315 828 1414 877 quod
1444 825 1566 862 reduci
1594 837 1661 860 non
1693 824 1830 873 potest,
1855 833 1892 858 ut
1908 824 2126 859 declaratum
2156 822 2223 856 fuit
2237 823 2276 854 in

1303 880 1488 928 solutione
1509 902 1519 911 .
1542 874 1610 911 Etsi
1626 887 1713 920 ergo
1727 874 1846 909 divina
1865 875 2031 909 voluntas
2049 884 2112 908 cau
2124 872 2164 906 'et
2179 882 2277 905 crea-

1317 941 1415 966 turas
1427 931 1676 971 contingenter
1688 952 1699 967 ,
1723 923 1755 958 &
1768 922 1960 960 necessario
1985 923 2087 967 spiret
2102 923 2278 966 Spiritum

1321 978 1490 1014 Sannum
1503 1004 1515 1019 ‚
1539 988 1607 1011 non
1623 975 1746 1010 exinde
1761 985 1876 1010 tamen
1892 973 1951 1008 sibi
1967 973 2184 1008 conveniunt
2205 982 2280 1005 mo-

1316 1031 1382 1065 dus
1411 1026 1668 1075 principiandi,
1695 1029 1751 1072 qui
1768 1023 1816 1060 est
1835 1025 2005 1059 naturalis
2020 1051 2030 1065 ,
2061 1023 2095 1058 δι
2128 1021 2216 1056 alter
2235 1021 2283 1056 illi

1316 1077 1523 1126 opposituS,
1547 1080 1605 1123 qui
1639 1075 1687 1112 est
1707 1087 1765 1121 per
1784 1074 1926 1108 mullum
1952 1076 2176 1112 voluntatis3
2211 1072 2283 1105 imo

1319 1132 1425 1164 unico
1437 1127 1611 1161 duntaxat
1626 1126 1759 1173 predita
1773 1124 1820 1159 est
1834 1124 1938 1159 modo
1956 1120 2203 1169 principiandi,
2221 1123 2282 1167 qui

1318 1178 1369 1214 est
1381 1182 1412 1214 ei
1425 1176 1608 1212 essentialis
1621 1203 1631 1218 ,
1660 1177 1714 1210 seu
1741 1176 1859 1210 causet
1874 1185 2057 1209 creaturas
2072 1199 2082 1215 ‚
2111 1172 2164 1207 seu
2181 1170 2283 1218 spiret

1322 1232 1469 1264 tertiam
1488 1225 1691 1272 personam.

1374 1277 1431 1313 Ad
1443 1285 1608 1323 quartum
1624 1273 1813 1322 respondeo
1827 1273 1871 1308 s‘ic
1894 1283 1903 1305 :
1934 1272 2115 1308 Memoria
2132 1275 2163 1305 in
2179 1271 2284 1306 Patre

1318 1328 1368 1365 est
1385 1326 1443 1362 fibi
1463 1326 1670 1372 principium
1686 1330 1937 1370 operativum,
1951 1334 2022 1368 quo
2039 1323 2203 1356 nimirum
2218 1348 2228 1362 ‚
2243 1330 2285 1355 ut

1320 1379 1403 1414 aetii
1420 1379 1533 1423 primo
1551 1374 1746 1410 formaliter
1760 1375 1919 1419 intellgit
1937 1384 1944 1404 :
1965 1373 1996 1406 8<
2010 1372 2147 1417 insuper
2160 1371 2285 1406 cadem

1323 1431 1494 1464 memoria
1517 1423 1564 1460 est
1588 1425 1635 1459 illi
1665 1426 1875 1472 principium
1915 1421 2193 1468 produftivum,
2214 1434 2286 1467 quo

1322 1479 1484 1527 producit
1498 1477 1660 1511 notitiam
1672 1478 1826 1519 genitam
1842 1486 1852 1514 3
1886 1483 1955 1517 qua
1987 1474 2111 1507 notitia
2124 1475 2288 1517 priorita-

1323 1539 1359 1566 te
1371 1530 1518 1573 originis
1535 1529 1629 1573 prior
1647 1524 1695 1560 est
1714 1527 1883 1559 memoria
1899 1520 2058 1557 foecunda
2083 1549 2092 1557 .
2125 1520 2196 1556 Sed
2214 1527 2288 1557 exi-

1320 1577 1528 1615 stimandum
1552 1587 1619 1610 non
1646 1573 1720 1617 est,
1750 1573 1867 1610 aftum
1902 1571 1994 1607 hunc
2032 1570 2290 1617 produtctivum

1320 1629 1457 1665 fundari
1480 1625 1580 1671 super
1596 1626 1845 1670 operationem
1870 1620 2106 1664 essentialem,
2125 1621 2220 1668 quasi
2248 1636 2289 1659 ea

1323 1680 1363 1715 sit
1377 1681 1472 1714 ratio
1500 1675 1659 1710 formalis
1675 1672 1895 1721 producendi
1925 1672 2091 1708 notitiam
2103 1676 2259 1717 genitam
2277 1686 2289 1716 3

1321 1733 1404 1778 quia
1418 1725 1479 1763 etsi
1509 1724 1633 1760 ordine
1645 1722 1802 1771 quodam
1835 1726 2031 1770 praeexigat
2052 1721 2194 1765 aetum,
2224 1731 2288 1758 aut

1322 1780 1565 1826 operationem
1608 1773 1867 1822 improdufftam
1887 1799 1897 1813 ,
1925 1781 2086 1808 attamen
2115 1784 2291 1819 quatenus

1327 1832 1477 1877 primum
1495 1829 1710 1872 principium
1726 1829 1824 1870 prius
1837 1821 1886 1858 est
1898 1833 2047 1869 operans
2063 1850 2075 1865 ,
2088 1822 2193 1869 quiim
2210 1835 2291 1866 pro.

1326 1881 1478 1919 ducens,
1507 1876 1574 1910 sola
1594 1879 1765 1911 memoria
1779 1872 1827 1908 est
1842 1876 1932 1907 ratio
1962 1871 2180 1917 producendi
2199 1874 2292 1908 Vei·-
2321 1910 2324 1911 ⁷

1327 1931 1411 1965 bum
1423 1955 1434 1970 ,
1463 1927 1494 1961 8<
1509 1936 1575 1960 non
1591 1925 1817 1971 intelligentia
1831 1922 1973 1964 Patris;
2000 1930 2039 1956 ut
2051 1922 2291 1970 explicabitur

1328 1979 1418 2015 infra
1433 1981 1472 2012 in
1484 1987 1515 2011 2.
1533 1975 1711 2010 incidenti
1722 2000 1733 2008 .

1377 2028 1472 2064 Ciiin
1493 2028 1613 2072 itaque
1628 2024 1807 2064 subditur,
1832 2023 2012 2069 potentias
2038 2020 2205 2069 distingui
2230 2033 2293 2068 per

1325 2079 1428 2117 aetus
1441 2088 1486 2111 ex
1505 2088 1535 2111 2.
1550 2076 1592 2109 de
1608 2076 1767 2110 Anima:
1784 2070 1975 2118 Responsio
1991 2085 1999 2106 :
2016 2070 2288 2120 quqlz'produce·

1329 2142 1368 2166 re
1380 2156 1390 2171 ,
1402 2126 1643 2175 &producere
1659 2123 1823 2159 videntur
1839 2122 1940 2157 attus
1954 2121 2109 2168 ejusdem
2124 2124 2270 2156 rationis
2283 2148 2292 2156 .

1330 2181 1370 2217 Si
1388 2182 1482 2214 enim
1512 2174 1623 2216 illud,
1649 2173 1744 2221 quod
1757 2184 1824 2208 non
1853 2170 2062 2219 producitur
2078 2199 2088 2213 ,
2114 2170 2169 2206 sed
2196 2170 2292 2216 quali

1329 2223 1636 2278 prodiicitur,effet
1650 2225 1789 2259 realiter
1803 2222 1822 2258 ἐι
1841 2223 2061 2268 producente
2076 2220 2293 2264 distine‘tum,

1329 2288 1455 2316 revera
1465 2276 1555 2311 foret
1568 2275 1708 2310 realiter
1723 2271 1937 2319 produStum
1960 2285 1970 2313 3
1987 2271 2199 2317 igiturquod
2219 2283 2295 2305 mo-

1331 2331 1377 2365 do
1392 2330 1591 2373 reperiatur
1605 2330 1636 2358 in
1654 2324 1735 2360 Deo
1752 2322 1819 2357 sine
1835 2334 1918 2357 vera
1945 2320 2177 2368 produfkione
2193 2347 2202 2361 ,
2236 2330 2294 2355 ta-

1332 2391 1411 2417 men
1428 2378 1564 2411 ratione
1593 2376 1776 2422 principii,
1798 2370 1894 2419 quod
1923 2383 2047 2407 revera
2078 2371 2295 2416 produceret

1332 2428 1418 2465 illud
1435 2454 1445 2469 ,
1458 2426 1479 2460 fi
1497 2424 1604 2467 posset
1620 2425 1759 2459 realiter
1770 2422 1932 2466 distingui
1948 2449 1958 2464 ,
1982 2430 2022 2455 ut
2036 2421 2184 2467 proinde
2198 2419 2294 2454 dica-

1333 2489 1391 2515 tur
1402 2476 1494 2525 quasi
1510 2474 1737 2523 produttum,
1756 2485 1821 2508 non
1839 2475 1951 2506 variat
1963 2471 2161 2506 formaliter
2174 2469 2294 2504 aetam

1332 2530 1378 2566 ab
1395 2529 1454 2564 illo
1467 2554 1477 2570 ‚
1498 2538 1570 2574 quo
1585 2523 1845 2573 produceretur
1856 2548 1866 2564 ‚
1891 2519 1913 2554 si
1924 2519 2013 2557 foret
2028 2519 2247 2569 producibile
2261 2547 2271 2556 .

1482 2623 1798 2664 ARTlCULUS
1825 2619 2082 2658 INCIDENS
2112 2592 2139 2656 i.

1358 2729 1496 2767 Utrum
1514 2730 1547 2763 in
1563 2726 1645 2763 Deo
1660 2722 1781 2771 possint
1795 2721 1861 2758 effe
1875 2721 1996 2768 plures
2023 2719 2273 2771 produtstiones

1631 2775 1786 2823 ejusdem
1816 2773 1977 2809 rationes
1991 2797 2000 2807 .

1386 2876 1697 2927 Datioi-Qash.
1713 2874 1826 2923 quaest.
1845 2886 1874 2909 2.
1892 2874 1935 2909 In
1949 2872 2099 2919 Reporr.
2127 2873 2246 2918 primo

1457 2929 1609 2977 dzstinfl.
1629 2938 1659 2962 2.
1676 2925 1787 2973 quaest.
1803 2939 1834 2969 7.
1847 2928 1885 2961 S.
1911 2923 2028 2957 Thom.
2039 2934 2062 2955 i.
2074 2930 2172 2968 part.

1562 2977 1674 3027 quaest.
1690 2986 1745 3022 27.
1759 2975 1911 3010 articulo
1924 2986 1953 3021 5.
1971 2973 2002 3020 ξ.
2016 2971 2075 3008 Ad

1736 3029 1901 3060 tertium.

1453 3128 1661 3168 IDETUR
1689 3130 1719 3161 in
1745 3123 1877 3160 divinis
1891 3122 1956 3159 effe
1970 3122 2188 3170 posseplures
2216 3130 2296 3165 pro-

1469 3180 1656 3217 duEtiones
1684 3174 1830 3222 ejusdem
1856 3176 2000 3208 rationis
2028 3200 2036 3207 .
2060 3170 2204 3206 Etenim
2236 3169 2318 3205 ubi,

1335 3235 1549 3281 principium
1566 3227 1613 3264 est
1630 3225 1779 3274 ejusdem
1806 3227 1948 3260 rationis
1961 3251 1972 3265 ,
1997 3223 2031 3257 &
2043 3218 2300 3272 terminusfor-

1338 3283 1440 3318 malis
1453 3279 1607 3328 ejusdcm
1624 3279 1767 3312 rationis
1779 3301 1789 3315 ‚
1816 3275 1864 3309 ibi
1878 3271 1927 3309 est
1942 3270 2129 3321 produclio
2146 3267 2298 3314 ejusdem

1336 3334 1489 3369 rationis
1504 3343 1511 3362 τ
1532 3328 1601 3364 Sed
1617 3325 1757 3362 essentia
1770 3324 1903 3364 divina,
1919 3335 1994 3370 qua:
2010 3319 2222 3366 estc-jusdem
2242 3329 2298 3351 ra-

1336 3386 1443 3419 tionis
1457 3408 1467 3422 ,
1480 3379 1528 3415 est
1545 3380 1754 3426 principium
1771 3373 2022 3422 produtffivum
2041 3398 2050 3410 ,
2076 3373 2159 3404 item
2177 3368 2209 3401 δε
2226 3376 2299 3401 ter-

1338 3437 1456 3467 minus
1470 3428 1626 3465 formalis
1640 3426 1872 3473 cujuscunque
1886 3421 2128 3469 proiuftionis
2144 3432 2154 3459 3
2185 3417 2298 3462 igitur

1336 3481 1498 3530 quaelibet
1513 3476 1702 3526 produetio
1732 3479 1764 3509 in
1777 3475 1908 3509 divinis
1929 3472 1977 3507 est
1991 3471 2136 3517 ejusdem
2155 3468 2297 3501 rationis

1340 3543 1420 3566 cum
1434 3539 1652 3577 quacunque.
1669 3525 1787 3573 Major
1803 3523 1946 3559 videtur
1963 3521 2084 3556 haberi
2098 3529 2142 3554 ex
2160 3515 2298 3570 §Fls-ms.

1336 3593 1410 3618 tex.
1426 3581 1508 3626 4&
1533 3579 1581 3614 18.
1597 3587 1676 3611 nam
1692 3587 1759 3610 non
1775 3583 1922 3620 apparet
1941 3571 2092 3617 qualiter
2108 3565 2298 3614 productio

1336 3630 1508 3676 distingui
1526 3624 1646 3674 poffit,
1663 3624 1721 3660 nisi
1742 3625 1854 3659 velex
1870 3623 2039 3667 principio
2052 3617 2213 3655 formali,
2246 3615 2304 3651 vel

1341 3685 1389 3717 ex
1400 3681 1560 3716 termino.
1579 3674 1699 3711 Minor
1714 3675 1884 3722 probatur
1899 3684 1908 3712 ς
1926 3669 2013 3705 lllud
2030 3667 2078 3705 est
2092 3669 2301 3714 principium

1340 3730 1486 3766 formale
1499 3756 1509 3771 ,
1541 3727 1574 3761 &
1591 3726 1764 3761 terminus
1777 3721 1934 3757 formalis
1951 3747 1961 3761 ‚
1973 3723 2006 3754 in
2022 3731 2093 3765 quo
2106 3715 2303 3763 producens

1341 3778 1543 3815 ‘assimilatur
1557 3773 1753 3823 produGto,
1779 3773 1812 3807 8<
1827 3771 1995 3818 praecipue
2009 3766 2148 3816 quando
2162 3763 2209 3800 est
2223 3777 2306 3811 pro-

1343 3828 1464 3869 duffio
1479 3830 1655 3865 univoca:
1680 3823 1754 3864 Sed
1764 3825 1878 3872 prima
1896 3819 2094 3858 assimilatio
2110 3815 2308 3873 producen-

2216 3873 2264 3900 tis

2650 4021 2666 4089 25.»
