2666 4109
138 1222 197 1247 iia-e
226 1218 314 1246 obi-:cit

105 1253 202 1279 notior
223 1258 313 1278 contr-1

104 1288 250 1312 Henricum
261 1286 317 1311 exi·

105 1320 253 1345 {limantem
275 1319 315 1343 so-

104 1353 140 1377 le>-
148 1353 243 1382 species
259 1351 314 1381 spe-

107 1385 251 1410 ciaiissimas
271 1385 317 1409 ha·

106 1418 170 1444 bere
199 1419 314 1447 proprias

103 1452 130 1475 in
143 1450 199 1476 Deo
210 1451 276 1475 :deas
304 1464 311 1472 .

108 1482 151 1510 ne
185 1491 237 1514 quo
272 1483 316 1507 fu-

104 1517 224 1543 sescotus
238 1523 260 1540 i.
270 1516 317 1541 Re-

100 1554 170 1585 pert.
188 1552 233 1574 cit.
251 1557 267 1573 a
287 1558 314 1573 n.

107 1589 145 1612 ις,
155 1581 316 1614 &seqqiSed

105 1617 165 1647 quia
180 1613 274 1639 diiede
283 1614 319 1638 sa-

103 1650 175 1674 elunr
191 1652 319 1674 contra-⁴

107 1682 300 1711 praecedeutem

106 1714 267 1739 senientiam
279 1719 320 1737 re·-

109 1746 147 1771 fle
155 1746 196 1770 hic
208 1744 320 1777 appofita

108 1785 230 1812 putamus
240 1792 249 1802 .

130 2940 156 2967 i·
176 2935 233 2964 die.
257 2934 300 2971 μ.

730 190 951 256 Tamus
975 188 1012 252 l.
1033 185 1192 252 Pars
1210 187 1250 253 1.
1263 183 1531 278 Qaestio
1544 180 1679 251 XV.
1696 186 1838 251 Art.
1861 182 1951 249 111.

337 285 368 319 8(
383 283 501 319 salsiim
517 284 650 327 pariter
669 285 852 316 materiam
882 293 948 315 non
966 280 1095 315 habere
1126 284 1309 326 propriam

340 332 564 370 ideamssum
585 334 671 369 vero
689 331 775 365 dicit
793 328 1019 366 individuum
1035 340 1105 365 non
1124 328 1189 364 esse
1201 329 1244 366 de
1257 331 1312 365 in-

341 387 500 421 tentiore
516 393 582 428 per
596 379 626 415 se
640 391 774 416 naturae
788 407 798 423 ,
824 380 988 415 &tamen
1005 380 1168 414 divinam
1185 381 1311 428 provi-

344 434 504 471 dentiam
516 430 660 466 extendi
682 434 797 475 primo
810 430 854 466 ad
869 430 938 476 ipsa
954 429 1136 465 individua
1147 456 1158 471 ‚
1173 430 1207 464 id
1223 440 1310 464 con-

341 481 590 520 tradictionem
602 481 786 526 implicare
801 481 961 515 videtur:
994 479 1088 515 Nam
1099 488 1228 516 natura
1240 491 1308 514 non

341 533 391 570 est
406 543 512 578 agens
523 540 666 577 propter
683 529 806 572 finem,
835 528 893 566 mii
922 539 1099 577 quatenus
1125 524 1306 574 dirigitur.

342 583 361 620 i
377 581 613 628 cognoscente
628 579 754 620 finem3
780 584 890 626 igitur
905 590 1029 616 natura
1060 591 1128 614 non
1156 578 1306 614 intendit

342 633 444 669 finem
461 659 471 672 ,
494 629 550 667 n'si
563 638 602 664 ut
616 629 750 666 direfta
766 635 797 665 in
825 629 926 665 finem
942 629 958 665 i
987 628 1217 675 cognoscente
1233 656 1243 670 ,
1271 628 1306 662 8(

343 681 572 731 providente3
599 678 720 724 ergofi
737 690 860 716 natura
889 681 1055 727 producit
1079 678 1305 714 individuum

344 739 549 779 inquantum
560 727 724 775 dirigitur
737 729 756 766 a
770 730 855 766 Deo
870 760 880 775 ‚
905 731 937 766 &
963 730 1035 766 Dei
1059 729 1281 776 providentia
1294 755 1305 770 ,

342 783 414 819 hac
428 791 494 815 non
510 779 618 814 solum
634 777 713 816 fistit
732 784 763 816 iri
781 781 960 827 speciebus
973 808 983 823 ‚
994 780 1049 816 fed
1064 779 1305 827 principaliter

342 831 391 869 est
408 835 498 865 circa
518 828 698 866 individua
712 844 723 874 ς
738 835 870 877 pariter
883 832 916 867 &
928 840 1060 866 naturae
1073 831 1220 864 intentio
1235 841 1302 864 non

342 881 427 917 sistit
441 887 579 915 tantum
599 882 631 915 in
644 880 826 925 speciebus
843 909 853 925 ‚
877 882 929 918 sed
943 884 1049 917 etiam
1064 891 1127 927 per
1143 878 1174 913 se
1189 882 1303 914 inten-

341 928 591 967 ffltindividua
606 955 615 964 .
637 931 774 967 Rursus
791 959 801 974 ‚
828 942 955 970 natura
987 929 1141 966 maxime
1156 928 1303 964 intendit

342 980 426 1018 illud
442 979 556 1026 ‚quod
575 979 621 1015 est
638 983 971 1018 maximaeentitatis
983 1008 994 1023 ,
1014 981 1046 1016 8(
1061 978 1307 1026 perfe6tionis:

342 1029 469 1067 taleest
485 1029 702 1066 individuum
720 1058 731 1075 ‚
757 1033 850 1078 quod
864 1031 912 1069 est
922 1032 1078 1067 maxime
1093 1029 1280 1065 substantia
1296 1055 1307 1070 ‚

342 1081 377 1116 &
390 1084 502 1129 prima
515 1079 702 1117 substantia
715 1085 747 1117 in
759 1083 1023 1130 comparatione
1037 1081 1081 1116 ad
1096 1079 1304 1115 substantias

344 1130 512 1166 secundas
528 1158 538 1172 ‚
565 1130 617 1166 stu
632 1142 775 1168 naturas
791 1132 996 1179 specificas;
1019 1142 1106 1178 ergo
1131 1131 1303 1179 pr'aecipue

346 1182 380 1217 8(
397 1181 552 1216 maxime
571 1182 803 1218 intenduntur
819 1181 837 1219 {i
853 1193 981 1219 natura
998 1210 1008 1218 .

399 1229 650 1268 Abstrahendo
668 1236 776 1268 etiam
793 1233 840 1269 ab
859 1234 914 1269 his
927 1229 1134 1277 suppositis,
1164 1242 1213 1267 ex
1225 1230 1306 1277 qui-

348 1283 412 1318 bus
429 1280 520 1316 illiid
535 1280 648 1318 inferri
664 1291 794 1328 putant
812 1297 823 1326 ;
843 1284 956 1325 probo
979 1280 1111 1323 direste
1134 1289 1305 1327 oportere

345 1330 616 1369 individuorum
629 1337 809 1379 propriam
826 1333 894 1369 effe
908 1333 1022 1368 ideam
1039 1335 1069 1366 in
1086 1340 1202 1369 mente
1215 1330 1308 1365 divi-

345 1395 388 1419 na
407 1410 416 1417 .
442 1380 530 1416 Illud
545 1385 694 1428 requirit
709 1386 888 1429 propriam
899 1384 1077 1418 rationem
1095 1382 1309 1427 cognoscen-

346 1434 407 1474 di,
432 1431 526 1479 quod
543 1443 607 1478 per
623 1432 751 1466 nullam
767 1433 937 1468 rationem
968 1432 1119 1467 alterius
1147 1429 1309 1466 distinete

347 1481 457 1533 poss'et
471 1481 633 1524 cognosci
651 1493 660 1516 ε
684 1481 753 1516 Sed
767 1483 836 1518 tale
851 1481 899 1518 est
912 1480 1134 1517 individuum
1149 1510 1158 1518 .
1171 1481 1309 1517 Proba·

347 1535 424 1571 tio:
453 1535 538 1579 quia
549 1529 571 1566 fi
591 1542 653 1578 per
664 1532 812 1567 alterius
831 1537 1000 1569 rationem
1014 1530 1130 1573 potest
1145 1529 1310 1568 distinc’te

352 1582 522 1629 intelligi,
550 1580 584 1616 id
599 1581 755 1627 profecto
769 1581 851 1618 esset
879 1594 940 1629 per
955 1586 1130 1618 rationem
1158 1583 1312 1630 quidita-

351 1637 398 1670 tis
411 1629 595 1679 specifica:
625 1631 698 1667 haec
712 1641 832 1669 autem
850 1636 942 1668 ratio
954 1643 1024 1668 non
1043 1630 1166 1668 sufficit
1178 1643 1313 1667 coeno-

352 1680 490 1720 scendis
506 1681 720 1718 individuis:
745 1694 827 1718 nam
841 1692 902 1729 per
928 1681 1118 1729 illudquod
1143 1680 1192 1718 est
1205 1682 1314 1718 solum

352 1743 539 1770 commune
553 1741 614 1778 per
633 1731 972 1776 predicationem&
986 1744 1054 1768 non
1063 1735 1318 1768 communitate

356 1786 501 1820 virtutis
515 1808 526 1824 ,
547 1793 615 1817 non
629 1781 766 1829 possunt
782 1794 822 1817 ea
839 1809 850 1825 ‚
871 1781 913 1817 de
927 1781 1057 1830 quibus
1074 1781 1292 1823 praedicatur
1308 1807 1320 1822 ,

357 1830 516 1869 distinete
541 1833 701 1876 cognosti
725 1844 735 1865 :
763 1834 846 1878 quia
868 1840 1008 1867 tantum
1033 1833 1188 1869 continet
1207 1832 1263 1868 illa
1280 1833 1316 1867 in

358 1884 514 1931 potentia
528 1909 538 1923 ‚
553 1881 585 1915 8(
600 1881 743 1917 confuse
763 1908 773 1923 ‚
800 1890 841 1916 ut
857 1880 907 1917 est
920 1880 1090 1923 evidensz
1114 1895 1202 1929 ergo
1214 1882 1319 1919 intel-

357 1932 465 1970 lefftui
478 1929 637 1966 distinete
670 1930 895 1975 cognoscenti
925 1932 1107 1968 individua
1125 1962 1136 1977 ‚
1163 1945 1230 1969 non
1244 1933 1321 1967 sunt

358 1983 405 2020 illi
420 1991 501 2017 nota
520 1993 581 2027 per
596 1990 763 2019 naturam
777 1980 972 2029 specificam
987 2009 998 2023 ‚
1023 1981 1079 2018 sed
1107 1995 1170 2029 pei·
1185 1984 1322 2028 promi-

358 2044 417 2069 am
443 2029 710 2067 individuorum
743 2031 855 2068 ideam
871 2059 879 2068 .
909 2031 1100 2075 Denique,
1124 2032 1146 2067 fi
1165 2030 1320 2079 perfec'te

359 2093 422 2132 per
440 2082 553 2117 ideam
568 2080 690 2124 speciei
702 2083 976 2128 cognosceretur
991 2082 1238 2125 individuum3
1256 2084 1322 2129 igi·

358 2141 420 2169 tur
432 2130 600 2179 quicquid
614 2131 755 2178 positivi
775 2132 930 2169 involvit
946 2132 1169 2170 individuum
1182 2161 1192 2177 ‚
1216 2142 1257 2169 ut
1270 2142 1324 2169 ta-

356 2183 390 2219 le
402 2209 413 2225 ,
439 2182 641 2218 continetur
657 2184 690 2218 in
708 2181 868 2227 specifica
883 2186 1018 2218 ratione
1038 2197 1049 2225 ς
1064 2196 1104 2220 ac
1118 2182 1261 2220 subinde
1275 2185 1325 2219 in·

359 2230 548 2267 dividuum
563 2232 648 2268 nihil
662 2231 810 2268 adderet
823 2231 922 2280 supra
936 2231 1081 2279 speciem
1096 2261 1106 2276 ‚
1136 2233 1195 2269 nifi
1216 2244 1326 2277 nega·

360 2282 499 2319 tionem
513 2308 524 2324 ‚
549 2281 607 2317 vel
637 2286 899 2329 privationem3
923 2291 1030 2329 atque
1057 2287 1107 2318 ita
1136 2281 1326 2318 fecundum

359 2333 539 2379 propriam
552 2333 722 2367 rationem
734 2331 902 2366 individui
914 2329 999 2368 effet
1011 2345 1078 2368 non
1093 2331 1202 2374 ens,fi
1219 2334 1329 2376 igitur

363 2392 430 2428 per
459 2379 574 2416 ideam
603 2380 725 2428 speciei
759 2379 917 2428 perfecie
946 2382 1176 2428 cognoscitur
1201 2381 1329 2417 indivi-

364 2428 475 2465 duum
492 2443 502 2472 3
528 2439 591 2463 aut
604 2428 792 2467 secundum
806 2430 935 2465 nullam
951 2435 1126 2468 rationem
1138 2430 1329 2474 positivam

367 2478 540 2515 differunt
555 2478 685 2524 species
696 2507 707 2522 ,
719 2478 752 2513 &
769 2477 1010 2523 individuum3
1026 2490 1087 2517 aut
1100 2479 1122 2515 fi
1138 2485 1228 2517 ratio
1243 2480 1331 2516 indi-

366 2527 593 2565 vidualitatis
606 2528 739 2575 aliquid
751 2528 846 2564 addit
861 2529 963 2576 supra
976 2530 1124 2577 speciem
1139 2557 1149 2571 ‚
1169 2543 1232 2576 per
1248 2543 1333 2575 pro-

363 2581 480 2628 priam
495 2576 614 2614 ideam
626 2605 637 2622 ,
653 2578 685 2613 8<
703 2589 773 2613 non
789 2578 897 2615 aliter
909 2577 1016 2615 debet
1029 2579 1201 2627 perfecte,
1213 2580 1246 2615 8(
1258 2580 1339 2617 ade.

365 2628 473 2676 quate
487 2627 650 2674 cogn-‚sci
659 2654 668 2664 .
682 2625 731 2663 Et
744 2639 852 2674 porro
866 2627 994 2665 addere
1010 2630 1165 2666 videtur:
1178 2634 1261 2676 quia
1276 2643 1336 2666 ne-

365 2681 468 2726 gatio
479 2689 587 2725 quam
604 2677 695 2713 dicit
715 2677 936 2714 individuum
953 2678 1019 2721 ‚est
1032 2680 1283 2726 inseparabilis,
1301 2679 1336 2715 8(

366 2728 512 2778 propria
525 2726 574 2763 illi
585 2752 599 2769 ‚
624 2739 667 2764 ac
681 2738 744 2775 per
758 2728 973 2776 consequens
994 2728 1080 2765 inest
1093 2731 1238 2765 ratione
1253 2741 1333 2775 pro·

367 2782 434 2827 prii
450 2775 902 2826 pofitivi‚quemadmodum
916 2777 949 2812 8(
966 2777 1041 2814 alin
1053 2788 1267 2826 negationes
1278 2791 1334 2815 ne-

366 2827 514 2864 cessario
524 2828 773 2876 consequentes
787 2827 1061 2864 fundamentum
1074 2855 1086 2872 ‚
1109 2840 1154 2864 ac
1164 2829 1341 2876 insepara-

367 2877 459 2916 biles
475 2876 520 2912 ab
532 2878 609 2914 illo.

419 2928 484 2965 An
498 2927 840 2966 AmvmuuAd
854 2928 1006 2976 primum
1020 2927 1213 2970 respondeo
1223 2928 1336 2976 juxta

371 2977 598 3026 dietaquaefl.
610 2979 829 3026 praecedenti
840 2979 997 3015 articulo
1020 2980 1071 3014 16.
1088 2982 1224 3016 iterum
1238 2987 1336 3024 repen

372 3030 468 3071 tito,
488 3027 562 3064 fieri
591 3039 659 3063 non
689 3027 782 3072 posse
809 3036 850 3064 ut
875 3027 986 3071 idea,
1007 3040 1084 3077 quae
1108 3026 1335 3076 suntobjefta

374 3076 576 3114 secundaria
606 3076 738 3113 divina
764 3078 998 3125 intelligentiae
1015 3107 1026 3124 ‚
1048 3076 1113 3115 fint
1137 3078 1338 3122 dic'tav'vae„

373 3127 628 3171 &regulativae
643 3128 836 3163 voluntatis
856 3128 950 3165 Dei:
971 3131 1055 3176 quia
1081 3137 1168 3165 tunc
1186 3127 1335 3165 necessa·

375 3181 434 3214 rio
444 3176 598 3212 deberet
610 3177 676 3212 illis
688 3177 754 3214 esse
767 3176 958 3214 conformis
970 3205 981 3220 ,
997 3179 1053 3214 vel
1065 3177 1129 3215 eise
1142 3176 1252 3229 posset
1265 3189 1337 3215 non

374 3224 476 3264 reeta
490 3252 501 3267 ‚
523 3224 548 3261 fi
562 3224 775 3264 diffentiret:
806 3228 879 3264 sunt
899 3240 988 3275 ergo
1011 3231 1158 3266 omnino
1184 3229 1341 3276 specula-

373 3281 462 3314 eive
475 3286 542 3310 non
555 3275 732 3313 ‹iffaantes
748 3282 889 3324 praxim
902 3305 915 3320 ‚
935 3277 990 3313 sed
1006 3277 1228 3317 ostendentes
1241 3283 1339 3326 quic-

376 3325 464 3371 quid
477 3323 526 3361 est
539 3325 739 3371 operabile.
763 3325 796 3360 ἃ
810 3327 963 3372 poisibile
991 3326 1121 3364 divinae
1149 3328 1340 3366 voluntati.

378 3375 475 3414 cum
488 3386 574 3424 ergo
586 3374 674 3413 dicit
687 3373 886 3426 Dionyfiue
914 3377 1153 3427 Exemplaria
1165 3379 1233 3428 effe
1241 3379 1342 3417 divi·

475 3875 610 3926 tomus
621 3877 654 3916 I.

2210 203 2341 263 209

1371 287 1436 311 nas
1447 277 1653 312 voluntates
1670 286 1789 311 rerum
1803 276 1995 321 eff'eflm'ces
2013 287 2022 312 3
2040 286 2103 308 non
2118 275 2125 308 l
2143 275 2277 320 ›quitur
2292 274 2337 309 dc

1372 324 1462 362 ideis
1473 336 1577 372 prout
1588 324 1631 359 de
1644 324 1699 359 his
1715 326 1854 373 presens
1868 325 1981 362 sermo
1997 336 2095 370 prosc
2115 324 2135 357 ii
2159 325 2199 368 ju
2213 335 2271 356 ἵνα
2287 323 2337 357 ili«

1369 374 1428 411 fta
1444 373 1706 421 Augustini,sed
1719 374 1762 409 de
1773 375 1904 411 divinis
1923 373 2111 415 deci·e·„is,;i
2131 387 2149 420 q
2166 376 2238 407 iim.
2251 384 2263 405 s·
2277 372 2337 415 est,

1368 426 1402 461 8(
1419 423 1546 472 pendet
1571 426 1686 460 omnis
1711 435 1829 460 rerum
1849 422 2016 459 futuritio
2033 450 2042 464 ,
2067 423 2098 457 8(
2120 420 2309 469 produftio
2326 448 2335 458 .

1370 474 1414 512 Et
1430 485 1535 521 porro
1550 472 1717 522 ejusmodi
1742 473 1884 510 decreta
1899 498 1909 514 ‚
1938 472 2102 519 &divine
2135 472 2337 506 voluntates

1367 537 1436 560 non
1448 524 1510 559 abs
1526 536 1562 559 re
1574 526 1680 560 etiam
1692 523 1862 558 dicuntur
1878 523 2095 567 exemplaria
2110 549 2119 562 ,
2145 523 2226 567 quia
2245 524 2276 553 in
2292 525 2334 556 iis

1367 575 1512 611 divinus
1526 573 1730 610 intellec‘tus
1743 572 1842 608 videt
1856 600 1865 609 .
1890 572 1922 606 S<
1938 586 1980 608 no
1991 574 2038 606 vit
2055 570 2225 618 quicquid
2239 568 2334 605 futu·

1366 637 1444 660 rum
1462 622 1512 660 est
1525 637 1586 671 per
1597 623 1779 660 scientiam
1798 622 1938 658 visionis
1952 650 1962 663 ‚
1986 621 2183 656 &liberam
2203 647 2212 662 ,
2230 619 2332 654 sicuti

1365 686 1444 710 ante
1456 674 1519 709 has
1529 674 1668 709 divinas
1685 673 1890 708 voluntates
1906 670 2081 705 duntaxat
2093 669 2220 704 sciebat
2234 673 2334 715 quic·

1363 726 1450 771 quid
1478 723 1634 761 faetibilc
1655 734 1729 760 erat
1751 750 1760 758 .
1788 721 1834 758 Et
1850 726 1933 769 quia
1947 722 1990 756 ad
2021 719 2261 755 instircarum
2275 729 2333 753 ra-

1361 779 1504 812 'tionum
1517 773 1733 810 factibilium
1748 774 1793 808 ab
1818 782 1940 808 eterno
1954 780 2070 806 mente
2096 769 2219 804 divina
2233 778 2333 802 com-

1364 827 1496 873 prehen
1505 826 1613 860 sarum
1624 851 1635 866 ‚
1657 825 1731 858 sunt
1746 835 1801 858 res
1813 809 2045 859 efformabiles
2059 818 2101 855 ad
2116 828 2240 859 extra,
2266 817 2331 852 illa

1364 880 1521 913 rationes
1548 872 1781 921 propriissime
1803 871 1971 908 suntideae
1984 898 1994 911 ‚
2016 871 2070 905 seu
2102 867 2228 903 ssmiles
2254 867 2332 902 illa·

1365 939 1443 962 rum
1456 926 1532 961 alix
1543 937 1598 960 res
1611 924 1735 960 futurae
1745 922 1826 966 (int,
1844 922 1916 959 five
1933 933 2001 957 non
2013 918 2073 955 sint
2084 918 2209 954 future
2223 944 2231 952 .

1418 976 1476 1012 Ad
1489 973 1678 1011 secundum
1690 973 1879 1020 respondeo
1892 971 1973 1006 ciim
1985 971 2129 1005 materia
2144 966 2332 1003 secundum

1367 1027 1396 1062 se
1408 1038 1453 1062 ex
1471 1024 1671 1061 Aristotelis
1685 1023 1843 1060 doctrina
1862 1035 1887 1058 i.
1904 1021 1944 1062 ἐπ’
1956 1032 1987 1056 z.
2002 1019 2104 1065 Phyſs
2123 1017 2161 1058 ἐς
2182 1018 2333 1053 nMeza-

1360 1077 1463 1124 phys
1477 1075 1514 1116 ἐς
1532 1075 1625 1110 alibi
1635 1073 1836 1121 frequenter
1848 1101 1858 1116 ‚
1881 1071 1920 1108 fit
1936 1083 1997 1118 per
2023 1070 2052 1104 se
2068 1079 2176 1102 unum
2201 1069 2331 1113 princi-

1367 1131 1464 1172 pium
1491 1136 1633 1172 nature:
1657 1124 1690 1158 8<
1716 1137 1777 1172 per
1800 1125 1830 1160 se
1855 1123 1982 1164 causa,
2005 1119 2038 1154 &
2060 1116 2334 1153 fundamentum

1365 1172 1769 1218 forniarum‚fiibie5tum
1783 1177 2021 1209 mutationum
2035 1167 2309 1203 substantialium
2324 1192 2336 1207 ‚

1369 1226 1478 1273 &per
1503 1225 1531 1260 {c
1552 1223 1652 1260 causa
1669 1223 1876 1270 compositi:
1900 1217 2142 1256 contradifiio
2168 1216 2215 1252 est
2230 1216 2335 1265 ipsam

1370 1287 1439 1312 non
1456 1273 1524 1312 effe
1550 1286 1612 1310 ens
1635 1285 1782 1316 verum,
1801 1272 1967 1309 &reale:
1991 1272 2075 1315 quia
2099 1268 2179 1302 cum
2205 1269 2338 1314 princi-

1370 1327 1507 1374 piatum
1524 1351 1535 1367 ,
1554 1324 1587 1359 8(
1599 1323 1778 1359 causatum
1796 1321 1985 1359 necessario
1998 1316 2221 1363 dependeant
2233 1314 2253 1351 a
2267 1317 2337 1351 suis

1370 1374 1483 1412 caufis
1498 1374 1555 1417 ,δι
1568 1374 1750 1421 principiis
1763 1402 1772 1416 ‚
1795 1372 1818 1408 fi
1831 1374 1984 1408 materia
2010 1369 2075 1414 este
2099 1365 2245 1412 aliquod
2272 1378 2332 1401 νει

1373 1438 1452 1461 runi
1467 1453 1478 1469 ‚
1502 1425 1536 1461 8(
1566 1426 1659 1460 reale
1682 1436 1748 1459 non
1762 1424 1927 1464 haberet,
1950 1417 2165 1466 dependeret
2180 1428 2239 1451 ens
2252 1415 2270 1451 a
2285 1417 2339 1450 ni-

1373 1477 1447 1512 hilo
1464 1503 1474 1519 ,
1503 1474 1558 1512 vel
1575 1473 1594 1511 εἰ
1609 1486 1675 1509 non
1691 1485 1791 1516 ente,
1809 1470 1905 1521 quod
1919 1468 1968 1505 est
1990 1465 2199 1516 impossibile
2223 1493 2233 1501 .
2264 1465 2341 1500 Ne-

1372 1539 1439 1574 que
1450 1526 1567 1563 obstat
1582 1553 1592 1566 ,
1617 1524 1870 1571 Philosophum
1898 1519 2020 1556 dixisse
2036 1547 2047 1562 ‚
2077 1518 2268 1553 materiam
2285 1526 2342 1550 co-

1370 1577 1486 1626 gnosci
1519 1585 1580 1624 per
1593 1573 1764 1611 formam:
1785 1575 1868 1622 quia
1887 1572 1970 1608 satis
1988 1568 2085 1605 estid
2101 1566 2232 1604 habere
2248 1568 2342 1601 veri·

1375 1638 1487 1664 tatem
1499 1631 1529 1662 in
1542 1626 1645 1661 nobis
1662 1653 1673 1667 ‚
1698 1634 1737 1661 ut
1750 1619 1941 1660 dietumest
1951 1619 2105 1656 articulo
2113 1616 2343 1665 praecedenti.

1376 1678 1487 1716 Unde
1505 1677 1597 1712 nulla
1611 1675 1662 1712 est
1673 1676 1736 1723 hec
1747 1674 1999 1720 consequentia
2011 1696 2020 1705 .
2042 1668 2199 1704 Materia
2211 1679 2280 1703 non
2297 1663 2347 1701 est

1377 1726 1621 1775 cognoscibilis
1639 1724 1658 1762 a
1678 1725 1782 1762 nobis
1794 1753 1805 1768 ‚
1833 1721 1892 1759 nifi
1906 1733 1970 1769 per
1996 1719 2198 1766 analogiam
2214 1716 2256 1752 ad
2273 1715 2348 1751 for-

1379 1791 1473 1816 mam
1487 1790 1497 1820 ς
1510 1789 1598 1822 ergo
1611 1788 1724 1825 neque
1739 1774 1788 1812 est
1806 1771 2053 1819 cognoscib'lis
2072 1773 2103 1805 in
2122 1768 2152 1804 se
2169 1795 2179 1810 ‚
2191 1766 2251 1803 nisi
2264 1776 2347 1802 cum

1379 1829 1505 1867 eadem
1518 1826 1750 1863 attributione
1767 1839 1777 1868 3
1802 1827 1885 1872 quia
1905 1833 1965 1861 nec
1980 1819 2203 1856 substantiam
2216 1827 2349 1865 cogno-

1377 1881 1504 1915 scimus
1519 1906 1531 1922 ,
1557 1874 1615 1912 nifi
1636 1887 1697 1923 per
1715 1872 1964 1912 habitudinem
1980 1871 2025 1906 ad
2038 1869 2236 1905 accidentia
2257 1881 2267 1910 ς
2287 1876 2350 1902 nee

1379 1938 1569 1978 propterea
1582 1925 1630 1962 est
1644 1925 1861 1963 inferendum
1874 1951 1885 1967 ‚
1901 1923 2000 1958 &ita
2014 1924 2146 1968 pariter
2160 1916 2351 1954 secundum

1379 1981 1410 2016 se
1428 1977 1493 2015 effe
1511 1975 1783 2024 cognoscibilem
1825 1972 1951 2020 Itaque
1969 1967 2269 2016 quemadmodum
2284 1976 2352 2002 nos

1381 2034 1572 2075 concipere
1586 2028 1773 2073 nequimus
1787 2028 1882 2060 entia
1903 2019 2146 2070 perfec'tiffima
2159 2045 2174 2061 ,
2195 2030 2215 2053 n
2232 2015 2252 2056 fi
2287 2026 2352 2063 pet

1384 2078 1531 2118 effeftus
1544 2106 1554 2119 .,
1572 2077 1604 2112 8(
1623 2089 1684 2118 per
1700 2074 1946 2111 habitudinem
1961 2070 2004 2107 ad
2018 2069 2174 2106 efficiens
2189 2096 2200 2110 ‚
2223 2072 2271 2102 ita
2289 2076 2353 2101 nec

1385 2125 1679 2176 imperfeetiffima
1693 2136 1836 2173 quaeque
1851 2122 1907 2158 nisi
1925 2133 1984 2169 per
1999 2123 2094 2156 entia
2112 2116 2323 2165 perfectiora
2341 2142 2353 2156 ,

1385 2180 1420 2216 8(
1449 2192 1510 2226 per
1541 2175 1706 2213 senfibilia
1735 2187 1744 2209 :
1780 2184 1820 2211 at
1835 2170 2023 2209 intellectui
2056 2169 2194 2206 infinito
2207 2163 2354 2214 perinde

1386 2228 1565 2279 perspefta
1584 2227 1656 2263 sunt
1673 2225 1795 2259 omnia
1810 2251 1822 2267 ,
1853 2223 1889 2258 8(
1907 2221 1983 2258 ideo
2010 2225 2166 2258 oninium
2185 2216 2290 2253 habet
2306 2215 2356 2250 di-

1390 2279 1532 2318 stin&as
1550 2277 1668 2313 ideas.

1443 2329 1501 2366 Ad
1513 2327 1685 2364 Tertium
1703 2322 1891 2360 dicendum
1908 2349 1918 2366 ,
1940 2333 1986 2358 ex
2000 2318 2135 2356 artifice
2147 2326 2270 2353 creato
2285 2326 2358 2350 non

1389 2380 1456 2418 effe
1472 2373 1734 2416 extendendam
1748 2375 2036 2418 consequentiam
2062 2369 2106 2405 ad
2129 2372 2328 2403 increatum
2347 2377 2358 2406 ;

1387 2435 1470 2478 quia
1497 2426 1626 2464 artifex
1653 2433 1798 2459 creatus
1826 2434 1896 2457 non
1924 2419 2087 2468 producit
2113 2421 2230 2452 omnia
2250 2442 2260 2458 ‚
2284 2425 2362 2462 qux

1390 2481 1514 2516 suntin
1528 2477 1590 2513 suo
1602 2472 1774 2512 artes-isto
1786 2500 1797 2515 ‚
1825 2484 1888 2507 nec
1905 2471 2014 2506 habet
2027 2471 2268 2515 cognitionem
2285 2476 2364 2500 om-

1391 2532 1491 2565 nium
1506 2556 1517 2572 ,
1549 2538 1624 2575 quae
1649 2523 1723 2559 sunt
1751 2525 1783 2557 in
1808 2520 1981 2568 produfto
1997 2545 2007 2561 ‚
2037 2530 2099 2555 nec
2136 2529 2212 2565 quae
2241 2514 2362 2551 conse—

1393 2589 1552 2628 quuntur
1565 2576 1610 2612 ad
1624 2572 1705 2609 illud
1727 2597 1735 2605 .
1762 2570 1805 2606 Et
1819 2570 1964 2618 quidem
1995 2567 2131 2604 artifex
2162 2567 2364 2611 producens

1396 2640 1515 2666 arcam
1532 2653 1545 2670 ‚
1572 2637 1639 2662 non
1656 2621 1837 2667 cognoscit
1850 2632 1910 2667 per
1924 2629 2038 2655 artem
2051 2618 2145 2653 suam
2163 2616 2253 2653 hanc
2270 2625 2364 2652 arez

1397 2681 1654 2727 proprietatem
1667 2698 1679 2715 ‚
1699 2670 1795 2718 quod
1810 2669 1859 2706 est
1872 2674 1974 2717 aquis
2001 2669 2225 2715 supernatare
2241 2681 2252 2710 ;
2281 2668 2367 2712 quia

1398 2739 1467 2764 nec
1480 2725 1587 2762 efficit
1601 2721 1954 2767 naturamlignorum
1967 2746 1978 2762 ,
2001 2719 2043 2755 ad
2072 2728 2180 2764 quam
2211 2717 2366 2764 sequitur

1397 2779 1457 2814 illa
1473 2779 1698 2823 proprietas;
1727 2782 1790 2807 nec
1813 2774 2019 2817 inquantum
2035 2769 2112 2805 talis
2146 2766 2278 2803 artifex
2306 2777 2368 2800 eo-

1398 2828 1621 2876 gnosciteam
1635 2851 1646 2867 ‚
1674 2822 1799 2857 &ideo
1813 2831 1874 2855 nec
1905 2825 2003 2856 novit
2022 2817 2185 2854 accidens
2205 2817 2301 2852 suum
2319 2819 2368 2849 in-

1402 2875 1596 2925 separabile
1612 2903 1621 2911 .
1633 2872 1678 2909 Er
1692 2871 1714 2907 fi
1732 2870 1817 2907 nihil
1835 2868 1916 2906 effet
1929 2874 1963 2905 in
1976 2881 2058 2905 arca
2072 2895 2082 2911 ‚
2097 2866 2155 2904 nisi
2168 2866 2265 2914 quod
2281 2876 2367 2910 pro-

1405 2927 1552 2963 ducitur
1566 2925 1610 2961 ab
1622 2920 1758 2961 artifice
1771 2948 1782 2965 ‚
1797 2919 1901 2967 idque
1916 2932 1976 2970 per
1995 2920 2235 2964 cognitionem
2252 2942 2262 2957 ‚
2273 2914 2294 2950 fi
2310 2924 2366 2949 ar-

1404 2977 1493 3014 tifex
1533 2987 1599 3012 non
1637 2971 1934 3021 praecognosceret
1962 2981 2082 3005 arcam
2117 2969 2342 3015 supernatare
2357 2989 2370 3006 .

1405 3026 1570 3075 equidem
1586 3037 1654 3060 non
1681 3023 1945 3071 supernataret.
1972 3020 2022 3056 At
2044 3027 2169 3054 contra
2198 3018 2321 3051 evenit
2335 3013 2369 3049 in

1404 3076 1545 3115 artifice
1560 3075 1642 3112 Deo
1657 3100 1668 3116 ‚
1695 3074 1779 3120 quia
1795 3074 1829 3107 in
1843 3072 1948 3106 rebus
1976 3071 2019 3106 ab
2046 3069 2115 3115 ipso
2140 3063 2337 3103 efformatis
2355 3074 2369 3106 ,·

1403 3127 1526 3164 omnia
1540 3128 1678 3173 penitus
1707 3124 1778 3159 sunt
1804 3121 1847 3157 ab
1862 3121 1921 3156 illo
1942 3117 2118 3166 producta
2133 3144 2142 3160 ‚
2168 3116 2201 3151 8(
2222 3113 2368 3162 quidem

1404 3188 1468 3226 per
1491 3179 1734 3222 cognitionem
1768 3184 1777 3206 ε
1810 3181 1952 3217 oportet
1977 3181 2061 3216 ergo
2086 3169 2269 3208 omnium,
2292 3173 2371 3210 qua

1405 3227 1485 3262 sunt
1512 3230 1544 3262 in
1571 3223 1717 3264 effestu.
1739 3221 1811 3258 sive
1837 3220 1900 3256 fint
1923 3220 2119 3256 aceidentia
2149 3215 2371 3263 separabilia,

1405 3275 1478 3312 sive
1493 3274 1732 3318 inseparabilia
1746 3301 1757 3317 ‚
1783 3271 1914 3307 habere
1930 3270 2116 3316 proprias,
2139 3267 2172 3302 8(
2185 3263 2370 3302 distinet„

1407 3326 1508 3362 ideas
1520 3352 1530 3361 .
1557 3325 1615 3363 Ex
1623 3325 1752 3375 quibus
1766 3330 1871 3371 patet
1882 3319 1929 3359 ad
1942 3318 1978 3356 id
1991 3318 2089 3370 quod
2100 3317 2239 3354 additur
2251 3314 2295 3354 de
2308 3325 2370 3363 ge-

1406 3375 1574 3416 neribus.

1440 3429 1453 3446 ἱ

2183 3864 2329 3917 Ωὓῦτ

2372 521 2394 535 ι,
2402 510 2458 535 tiis‘·
2470 512 2579 542 39·§=V··

2365 544 2430 580 jude
2440 546 2590 576 critiri-tigm-

2376 581 2413 599 tm
2422 590 2430 597 -

2370 992 2461 1027 aniam.
2479 996 2548 1019 ιλιι.
2564 998 2585 1013 i.

2370 1027 2398 1056 9„
2410 1026 2468 1050 Dira
2488 1026 2566 1053 ξένε’
2578 1039 2583 1045 .
