2650 4142
73 457 299 490 ’roiam-⁸401·

74 495 158 526 primo
167 506 176 516 ι

78 718 230 743 §.Thomas
248 714 290 738 hic

76 752 106 775 :in
128 748 250 779 [ahmane
266 754 288 770 1.

74 784 145 806 «ὅπῃ
155 781 292 805 (iens-66.

76 815 101 842 ὰ
114 815 245 845 1.tliil.39.

329 266 366 301 &
380 265 566 314 praescrtim
583 262 737 299 ami-1:20
753 261 783 300 8.
800 262 837 304 53·
853 277 938 301 nono
955 295 965 310 ,
981 269 1265 317 &sequentibus
1278 279 1289 301 ε

330 313 770 360 nihilenimlaterepotest
796 316 1188 353 intelleetumscientem
1215 317 1290 353 infi-

328 370 406 401 nita
418 394 429 410 ‚
450 366 481 400 8(
496 367 592 399 entia
606 362 730 398 cunfta
747 389 757 405 ‚
781 362 814 397 &
834 376 901 400 non
914 370 1007 402 entia
1021 395 1030 409 ‚
1054 368 1083 402 8(
1099 367 1290 413 singularia.

329 422 469 456 omnia,
488 414 522 448 8(
552 413 643 447 mala
677 424 737 460 per
771 414 952 459 oppositas
980 416 1234 459 restitudines‚
1255 417 1288 451 &

330 465 526 501 bonitates.
555 463 740 509 Hinckipse
766 462 855 497 solus
870 466 1133 502 revelatfutura
1147 494 1157 509 ,
1184 477 1288 513 atque

328 515 437 550 edicit
452 526 512 562 per
525 512 723 557 Prophetas
737 512 813 546 suos
828 539 838 553 ‚
853 513 883 547 ἃ
901 517 1030 551 nemini
1049 517 1145 551 alteri
1168 516 1184 551 ,ἦ
1201 517 1287 552 Deo

326 565 361 599 id
378 564 444 600 effe
461 562 632 610 possibile,
647 561 796 596 testatur
810 563 995 610 Scriptura
1015 566 1135 601 divina
1152 567 1285 601 dicens:

326 615 561 650 Anmmciate
576 623 648 660 92.)ae
664 613 911 658 venrrtrafimr
925 640 934 655 ‚
958 615 1138 662 tssj'sw'emst
1167 643 1177 657 ,
1203 620 1288 663 qnia

326 661 692 710 Di,·'ql1²isvos‚1laiae
721 673 796 709 cap.
822 674 878 707 4¹·
906 665 956 699 At
982 669 1137 711 qualiter
1162 667 1195 700 id
1220 665 1286 701 esse

322 715 450 760 possit,
477 711 675 746 declaratur
690 711 734 745 ab
749 713 924 758 aliquibus
937 726 998 759 per
1015 715 1082 749 hoc
1097 728 1105 750 ε
1121 721 1201 761 quia
1221 725 1272 750 to-

323 773 380 799 tus
395 765 509 797 fluxus
524 764 694 807 temporis
709 786 718 802 ‚
743 762 775 795 8(
792 763 937 804 omnia,
961 777 1036 810 quae
1052 765 1126 800 sunt
1152 766 1182 798 in
1195 774 1286 799 tein-

321 824 431 862 pore,
457 811 623 858 presentia
641 809 714 846 sunt
744 815 953 848 aeternitati.
982 813 1077 849 Nam
1108 817 1282 850 :eternitas

323 863 485 898 immensa
518 858 565 894 cst
585 887 595 902 ‚
617 861 649 895 8(
675 858 823 896 infinita:
851 873 936 907 ergo
961 862 1047 897 ficut
1075 864 1282 898 immensum

321 910 373 947 est
386 911 483 945 simul
509 911 647 957 presens
664 914 758 944 omni
779 910 879 952 loco,
907 917 954 946 ita
983 922 1141 959 eternum
1166 912 1214 948 est
1241 911 1280 946 fi-

853 167 1119 241 Summae
1116 172 1165 257 J
1163 175 1380 241 oannis
1401 172 1574 242 Duns
1592 174 1639 243 S
1643 175 1792 243 coti.

1372 270 1445 305 sens
1463 295 1471 311 ,
1495 269 1549 304 led
1565 269 1729 304 futurus:
1759 281 1846 314 ergo
1860 269 1895 304 id
1926 269 2030 307 Deus
2060 273 2161 306 novit
2180 278 2241 316 per
2274 268 2337 304 ali-

1367 318 1451 366 quid
1468 318 1588 354 aliud:
1613 330 1697 365 ergo
1721 319 1803 354 illud
1830 320 1913 354 satis
1936 321 1984 355 est
2010 326 2103 357 omni
2141 319 2334 366 cognitioni

1368 379 1471 403 certae
1486 368 1652 403 habende
1670 368 1713 404 de
1730 368 1909 405 existentia
1943 371 2177 417 cujuscunque
2207 369 2331 409 futuri,

1366 417 1598 454 abstrahendo
1609 419 1654 453 ab
1666 423 1758 453 omni
1782 420 1988 466 praesentia,
2019 421 2075 455 vel
2095 420 2330 455 coexistentia

1365 480 1487 503 eorum
1501 472 1689 504 aeternitati
1704 493 1713 503 .
1745 468 1897 503 Accedit
1915 471 2019 504 etiam
2035 497 2045 511 ‚
2074 471 2169 515 quod
2188 473 2235 503 ita
2250 473 2326 514 opi-

1363 528 1489 554 nantes
1501 528 1634 565 ponunt
1649 528 1761 551 aevum
1774 518 1900 563 Angeli
1913 522 2058 553 omnino
2088 517 2229 565 simplex
2245 530 2327 552 coe-

1362 568 1489 603 xistere
1502 566 1755 602 indivisibiliter
1766 570 1860 601 omni
1874 570 2028 612 tempori
2046 581 2054 602 :
2074 569 2183 613 igitur
2203 569 2326 614 Ange-

1362 618 1415 651 lus
1429 620 1620 653 aeviternus
1634 616 1780 661 praesens
1798 617 1845 652 est
1858 621 1927 652 toti
1947 619 2056 652 fluxui
2072 623 2242 665 temporis
2254 645 2264 660 ‚
2293 618 2328 653 &

1362 666 1525 701 omnibus
1542 667 1705 711 partibus
1719 665 1818 710 ejus:
1843 679 1927 713 ergo
1944 677 1989 700 ex
2009 670 2172 713 primaria
2189 678 2323 703 ratione

1361 728 1506 758 eorum,
1532 716 1692 761 Angelus
1718 715 1864 752 deberet
1881 718 2088 752 naturaliter
2113 718 2323 759 cognoscere

1357 765 1474 800 futura
1491 768 1732 808 contingentia
1747 792 1757 807 ‚
1781 766 1876 812 quod
1890 768 2015 802 dilerte
2029 768 2215 813 Scriptura
2230 766 2322 801 divi-

1359 828 1401 850 na
1427 826 1532 860 negat
1559 840 1566 848 .
1598 814 1899 863 Qalitercunque
1925 819 2033 862 igitur
2055 817 2212 853 declaret
2238 828 2322 852 con-

1358 869 1530 910 tingentia
1558 864 1679 900 futura
1707 864 1772 900 effe
1799 867 1978 912 praesentia
2009 872 2217 911 aeternitati‚
2250 879 2317 901 non

1359 916 1401 950 ab
1418 915 1482 948 hac
1498 915 1608 950 veluti
1624 926 1670 950 ex
1684 916 1821 960 praecisa
1833 920 1966 951 ratione
1987 915 2091 952 Deus
2106 917 2245 953 videtur
2259 917 2320 952 ha-

322 962 396 997 mul
409 960 556 1008 praesens
573 961 638 994 toti
652 961 760 994 fluxui
776 964 947 1005 temporis
961 989 970 1003 ‚
983 963 1280 1009 &temporalium

319 1021 526 1046 caetefOsUl'l]
551 1022 559 1043 :
586 1020 675 1044 nulle
699 1013 788 1044 enlm
809 1014 1017 1046 aetel‘nitatis
1038 1024 1103 1047 ΠΟΠ
1120 1024 1280 1059 CoaeqUa-

317 1061 522 1097 turinstanti
538 1060 725 1105 temporis,
749 1057 802 1092 sed
833 1060 947 1105 magis
967 1062 1114 1104 excedit
1140 1063 1276 1110 ipsum:

316 1123 405 1157 ergo
418 1108 577 1145 coexistit
593 1111 699 1142 etiam
719 1106 857 1143 instanti
870 1108 1015 1155 futuro,
1035 1112 1067 1147 8(
1094 1116 1144 1150 ita
1155 1113 1198 1148 de
1212 1124 1276 1147 ςπ-

317 1164 404 1196 teris
423 1159 607 1194 omnibus.
640 1156 796 1192 Additur
820 1159 925 1194 etiam
951 1163 1178 1210 exemplum:
1202 1173 1276 1198 tota

316 1210 439 1244 circuli
452 1206 736 1244 circumferentia
752 1209 895 1252 praelens
910 1208 956 1245 est
968 1223 1091 1248 centro
1118 1226 1126 1247 ε
1148 1218 1275 1259 imagi-

317 1259 437 1294 nando
465 1270 552 1304 ergo
569 1266 683 1292 totum
704 1268 842 1306 tempus
868 1260 898 1295 se
919 1260 1047 1298 habere
1077 1263 1182 1299 instar
1206 1268 1275 1298 cir-

315 1308 562 1356 cuniferentie‚
585 1307 687 1354 cujus
701 1318 858 1343 centrum
871 1308 912 1346 fit
929 1323 1019 1347 mmc
1039 1316 1244 1351 aeternitatis
1262 1341 1273 1356 ‚

313 1364 477 1405 quamvis
492 1358 772 1392 circumferentia
800 1359 869 1404 ipsa
892 1362 1001 1406 fluat,
1029 1372 1147 1400 tamen
1172 1373 1273 1399 totus

307 1410 453 1451 fluxus‚
486 1409 518 1443 8(
543 1408 702 1454 quaelibet
724 1419 806 1453 pars
824 1409 905 1455 ejus
937 1412 986 1448 est
1007 1414 1140 1461 semper
1153 1423 1274 1450 centro

1361 964 1442 999 bere
1463 964 1636 1000 scientiam
1651 966 1929 1010 contingentium
1946 966 2145 1001 futurorum
2162 991 2171 999 .
2383 992 2441 1023 Qm
2467 987 2569 1012 ratione

1409 1012 1470 1049 Est
1502 1017 1609 1060 igitur
1634 1014 1859 1050 Deussciens
1881 1014 2080 1051 futurorum
2108 1019 2319 1062 contingen·
2350 1021 2566 1080 }³⁶¹¹⁵2i⁰‡{¹,l{÷{‘

2294 1065 2316 1100 d
2365 1064 2429 1080 titur:
2557 1063 2569 1072 ⁸

1356 1067 1445 1098 tium
1459 1076 1523 1098 non
1539 1074 1585 1099 ex
1599 1075 1641 1098 eo
1654 1090 1664 1106 ‚
1687 1064 1781 1110 quod
1799 1068 1987 1102 aeternitati
2005 1064 2201 1100 coexistunt
2217 1093 2227 1107 ,
2259 1067 2288 1101 se
2348 1089 2454 1123 gmia,

1355 1115 1436 1160 quia
1450 1125 1576 1148 eorum
1590 1113 1791 1149 futurorum
1805 1115 1853 1150 est
1881 1115 2163 1164 repraesentativa
2194 1115 2316 1151 divina

1355 1163 1518 1206 edentia,
1546 1163 1565 1200 a
1587 1175 1655 1210 qua
1684 1173 1851 1200 movetur
1872 1165 2069 1201 intellthiis
2100 1164 2253 1201 infinitus
2271 1167 2315 1201 ad

1355 1214 1632 1250 intelleftionem
1645 1218 1803 1248 omnium
1817 1219 1961 1250 omnino
1991 1214 2182 1257 scibilium,
2206 1228 2316 1262 quan-

1352 1277 1458 1312 quam
1474 1262 1703 1299 diversimode
1729 1291 1737 1299 .
1764 1263 1862 1299 Nam
1896 1265 1939 1299 ad
1970 1264 2242 1301 intellectionem
2275 1280 2315 1301 o-

1353 1320 1484 1350 mnium
1504 1313 1708 1359 poffibiiium
1723 1324 1848 1350 movet
1883 1315 2067 1351 necessario
2092 1319 2125 1349 in
2140 1321 2316 1362 primoin-
2356 1343 2445 1367 camd&
2487 1340 2564 1362 arn-c,

1353 1364 1452 1400 stanti
1467 1363 1740 1411 independenter
1760 1364 1803 1398 ab
1816 1369 1914 1400 omni
1931 1365 2009 1400 aftu
2031 1367 2248 1408 voluntatis3
2277 1365 2316 1400 ιῖ-
2347 1363 2566 1407 ν.Ρ]ἑῑιῑιηνΑά«

1351 1419 1422 1450 cuti
1449 1417 1538 1449 enim
1564 1414 1669 1450 Deus
1696 1415 1914 1458 necestitate,
1942 1428 2008 1451 non
2051 1415 2237 1451 voluntate
2268 1415 2316 1452 est
2346 1412 2405 1436 ‘¹¹²'

2350 1253 2371 1271 1.
2380 1244 2435 1268 dist.
2448 1237 2515 1275 38-§·
2527 1237 2564 1262 Ad

2341 1280 2465 1311 primum·
2476 1272 2568 1304 onil·

2346 1312 2390 1335 lm-
2401 1317 2428 1339 q.
2441 1307 2513 1334 m&-
2528 1304 2561 1329 De

58 1680 273 1714 Magni-Lych?-

58 1722 98 1739 ωδ
116 1724 123 1738 l
137 1723 188 1744 -pef
214 1714 271 1737 cliii.

60 1756 100 1778 :9-
126 1751 203 1776 primi
241 1749 271 1770 au

77 1791 82 1797 ·
115 1782 274 1812 Adai-gurne-

57 1820 83 1836 τα
91 1818 133 1846 pru
147 1823 169 1838 ι.
180 1821 273 1847 upmm-

59 1855 86 1869 nt
96 1850 203 1871 otteniljt
224 1855 273 1870 es-

55 1881 134 1903 ·¹·t:‚ni
170 1887 274 1910 reipnn-

60 1916 138 1935 inanes
149 1914 179 1936 all
195 1921 273 1938 ratun-

57 1951 102 1968 nes
118 1946 188 1969 Acuti
219 1953 269 1970 nnn

0 1974 7 2000 τ’
55 1975 168 2002 sabinae.
195 1979 272 2003 ΝΜ.

58 2017 160 2037 'tuoque
186 2013 273 2037 loncii

57 2043 266 2071 coiiinxentatio.

56 2078 121 2101 lei·

309 1471 381 1505 prae
398 1471 459 1494 ens
474 1471 483 1500 3
504 1462 619 1493 omnia
638 1469 726 1503 ergo
741 1462 947 1505 temporalia
959 1490 970 1505 ‚
986 1463 1056 1500 five
1069 1466 1249 1512 praeterita
1262 1490 1273 1506 ,

309 1508 381 1544 {ive
401 1509 579 1555 praesentia
594 1534 604 1548 ‚
618 1505 687 1543 five
699 1507 816 1543 futura
835 1511 1036 1549 coexistunt
1051 1541 1062 1557 ‚
1081 1526 1184 1562 atque
1196 1525 1272 1559 pre-

310 1560 418 1595 sentia
447 1559 521 1593 sunt
547 1560 757 1599 aeternitati,
787 1562 983 1606 intantum,
1012 1575 1051 1601 ut
1077 1567 1136 1611 qui
1161 1563 1211 1600 est
1238 1565 1270 1599 in

308 1613 528 1649 aeternitate,
555 1606 653 1642 videt
689 1619 731 1643 ea
768 1610 1027 1654 praesentialiter
1049 1640 1060 1657 ,
1087 1616 1136 1650 ob
1160 1614 1270 1649 talem

307 1659 572 1694 coexistentiam
588 1683 596 1691 .
617 1657 756 1693 Contra
777 1659 868 1695 hunc
888 1662 1032 1699 modum
1063 1662 1269 1701 declarandi

311 1710 386 1745 Dei
400 1709 572 1743 icientiam
589 1706 745 1752 respeftu
759 1711 1041 1757 contingentium
1054 1715 1268 1755 futurorum3

309 1759 341 1794 &
360 1756 623 1806 primoquidem
638 1769 680 1792 ex
707 1763 842 1794 ratione
872 1761 977 1807 ipfius
1007 1763 1268 1805 immensitatis,

308 1822 376 1858 qua
396 1817 517 1854 putant
532 1805 748 1855 propofitum
769 1813 912 1855 egregie
940 1811 1111 1849 declarari
1132 1840 1141 1850 .
1172 1814 1268 1848 Nam

309 1858 368 1894 etii
380 1858 480 1893 Deus
494 1869 557 1904 per
571 1856 840 1894 immensitatem
854 1859 891 1895 fit
905 1863 1049 1907 praelens
1059 1868 1155 1899 omni
1169 1864 1268 1906 loco,

309 1909 396 1944 adeo
415 1917 453 1941 ut
465 1920 547 1943 omn
567 1907 630 1940 bus
653 1907 763 1950 locis,
789 1920 891 1955 atque
927 1913 1052 1948 locatis
1084 1913 1268 1949 coexistat:

310 1970 426 1995 tamen
442 1969 504 2006 per
519 1956 788 1993 immensitatem
804 1971 866 1995 nec
880 1960 927 1996 est
944 1989 954 2003 ‚
971 1974 1034 1997 nec
1063 1963 1159 2000 refte
1188 1963 1273 1999 dici-

309 2020 364 2044 tur
380 2006 573 2044 coexistere
590 2007 677 2041 locis
700 2007 829 2053 poffibil
850 2009 914 2045 bus
927 2037 937 2053 ,
953 2012 985 2046 8(
1002 2025 1067 2048 non
1083 2013 1164 2049 aetu
1192 2019 1271 2049 exi-

309 2059 482 2094 stentibus
515 2068 524 2090 ε
561 2056 754 2092 coexistere
773 2063 863 2093 enim
896 2062 1050 2097 involvit
1075 2063 1269 2111 respetfftum

309 2108 442 2144 realem
457 2136 468 2150 ‚
497 2118 538 2141 ac
555 2106 702 2142 subinde
720 2109 824 2143 realia
843 2114 958 2156 exigit
982 2123 1140 2150 extrema
1155 2139 1164 2148 .
1190 2113 1271 2152 Nec

313 2159 442 2204 aliquis
459 2158 592 2193 dixerit
607 2183 617 2198 ‚
637 2155 757 2192 Deum
774 2171 834 2205 per
850 2162 1117 2198 immensitatem
1148 2168 1271 2199 coexi-

311 2208 400 2244 stere
417 2209 459 2242 iis
472 2235 483 2250 ,
509 2218 583 2254 quae
601 2205 750 2243 existere
764 2235 774 2250 ‚
803 2208 855 2243 feu
873 2215 984 2247 creari
1012 2211 1147 2260 poffunt
1165 2225 1269 2250 extra

312 2257 541 2300 universum,
566 2256 646 2292 cum
664 2256 744 2292 aetu
771 2258 956 2304 nihilfint3
990 2274 1076 2309 ergo
1100 2263 1268 2310 quemad-

311 2307 458 2343 modum
476 2305 686 2341 immenfitas
702 2318 770 2341 non
786 2307 834 2344 est
857 2311 949 2347 ratio
963 2312 1178 2348 coexistendi
1192 2315 1271 2349 loco

313 2357 527 2405 potentiali,
552 2355 603 2391 sed
617 2355 796 2394 duntaxat
818 2357 947 2396 aStuali
966 2375 975 2403 3
995 2365 1046 2398 ita
1064 2367 1278 2399 necaeterni-

316 2417 374 2444 tas
391 2405 458 2441 effe
474 2404 586 2452 potest
603 2409 695 2440 ratio
711 2407 925 2445 coexistendl
941 2411 1067 2454 alicui,
1083 2412 1141 2447 nisi
1157 2415 1275 2449 secun-

316 2457 399 2491 dum
419 2456 513 2490 suum
541 2458 605 2501 esse
631 2455 723 2491 reale
750 2456 903 2494 existat:
929 2460 1009 2495 illud
1040 2464 1154 2503 enim,
1180 2461 1277 2507 quod

316 2518 384 2542 non
411 2505 481 2548 est,
506 2505 586 2541 nulli
610 2505 803 2542 coex5stere
826 2507 960 2554 potest.
989 2509 1156 2553 Deinde,
1180 2512 1202 2546 sl
1227 2512 1282 2547 fu-

319 2566 440 2592 turum
462 2560 666 2599 contingens
682 2555 785 2591 habet
802 2558 869 2604 effi’
896 2559 930 2593 in
954 2560 985 2594 se
1010 2561 1080 2606 ipio
1097 2589 1108 2604 ‚
1136 2570 1283 2609 propter

317 2606 414 2653 quod
444 2606 526 2640 vere
545 2631 555 2646 ‚
578 2605 611 2639 &
638 2606 778 2640 realiter
800 2607 960 2644 coexistit
985 2608 1068 2645 Deo
1084 2637 1094 2653 ,
1123 2611 1282 2658 ρτοῖεθῑο

319 2656 484 2703 ejusmodi
506 2654 662 2688 futurum
678 2654 726 2690 est
741 2657 880 2691 realiter
905 2658 982 2693 inse
1005 2660 1283 2708 existens3quia

318 2704 477 2752 reipeftu
505 2704 634 2739 nullus
663 2704 809 2741 alterius
823 2707 930 2742 causae
952 2708 970 2743 ἐι
990 2714 1100 2755 prima
1117 2738 1127 2754 ‚
1152 2710 1283 2749 habere

320 2755 432 2806 potest
449 2760 566 2790 verius
594 2752 687 2789 esse:
715 2766 821 2804 atque
841 2759 1104 2806 itaimpoffibile
1132 2761 1223 2797 foret
1247 2764 1289 2798 in·

321 2817 481 2852 tempore
501 2805 533 2838 id
545 2803 702 2839 futurum
719 2812 798 2853 poni
819 2811 854 2842 in
880 2808 959 2844 aftu
975 2836 986 2852 ‚
1001 2812 1096 2857 quod
1112 2823 1215 2847 nemo
1231 2810 1285 2847 di-

320 2861 417 2893 xerit
432 2869 441 2897 ς
455 2867 541 2900 ergo
556 2866 621 2889 non
641 2856 713 2890 sunt
727 2857 875 2893 dicenda
892 2860 1011 2894 futura
1029 2860 1226 2897 coexistere
1241 2873 1286 2896 ae-

323 2908 509 2945 ternitati3
538 2904 617 2939 cum
637 2905 722 2940 nibil
737 2905 798 2941 sint
812 2911 845 2941 in
858 2903 1047 2954 eternitate
1063 2938 1073 2953 ‚
1088 2910 1145 2945 nifi
1169 2911 1285 2946 l'ecun-

323 2957 408 2991 dum
427 2955 492 3001 eſj‘e
506 2957 689 3000 cognitum
703 2983 712 2997 ‚
741 2956 898 2999 Rursus,
919 2958 941 2993 fi
970 2958 1206 2995 Antichristus
1230 2960 1286 2995 fu-

324 3017 426 3043 turus
452 3017 516 3040 non
544 3005 679 3040 tantum
705 3008 821 3052 quoad
850 3008 916 3054 eſj'e
943 3009 1172 3054 cognoscibile
1189 3036 1199 3051 ‚
1228 3008 1285 3046 sed

323 3060 435 3092 etiam
449 3064 621 3101 quantum
636 3055 679 3089 ad
691 3062 879 3092 entitatem
893 3085 902 3100 ,
916 3070 1019 3105 quam
1037 3059 1223 3095 habiturus
1238 3058 1288 3096 est

325 3108 358 3141 in
374 3106 437 3151 effe
451 3103 701 3140 eaistentiaeest
717 3118 807 3140 nunc
827 3109 960 3155 presens
977 3111 1178 3156 eternitati3
1198 3121 1285 3155 ergo

325 3164 469 3201 oportet
489 3153 596 3200 ipsum
622 3154 686 3189 effe
702 3156 911 3201 produetzm
936 3157 953 3193 a
972 3159 1076 3199 Deo,
1096 3158 1286 3194 secundum

326 3204 409 3242 illud
429 3206 492 3249 este
505 3229 512 3237 .
537 3203 607 3239 Sed
624 3204 689 3239 boc
707 3206 778 3249 ipso
806 3208 901 3252 quod
923 3207 1157 3244 Antichristus
1174 3208 1220 3243 est
1234 3209 1286 3243 su-

326 3264 449 3295 mtus,
477 3252 506 3286 al
525 3253 666 3299 quando
693 3254 797 3291 Deus
828 3258 923 3292 iilum
947 3257 1185 3304 produeturus
1212 3257 1286 3301 (ῆς

325 3316 415 3350 ergo
432 3303 524 3339 idem
548 3305 600 3336 bis
619 3305 914 3341 producereturin
931 3309 997 3354 eſjb
1013 3307 1131 3354 ‚quod
1162 3306 1210 3342 est
1227 3309 1287 3342 ab·

325 3353 466 3390 surdum
489 3352 542 3387 vel
567 3355 704 3397 opinari
726 3381 734 3389 .
762 3355 923 3401 Denique
950 3361 1119 3405 pretentia
1145 3356 1207 3404 hec
1231 3355 1286 3391 fu-

325 3413 490 3440 turorum
518 3403 695 3450 eternitati
732 3416 800 3439 non
829 3405 947 3441 sufficit
975 3406 1233 3448 infallibilitati‚
1252 3406 1285 3442 8(

326 3453 531 3489 certitudini
552 3452 699 3487 scientiae
719 3465 842 3489 eorum
868 3466 876 3486 τ
901 3467 990 3501 ergo
1015 3455 1117 3492 Deus
1141 3455 1282 3490 aliunde

325 3504 382 3538 illa
414 3506 539 3541 novit,
564 3501 596 3535 8(
621 3513 686 3536 non
715 3513 778 3547 per
802 3504 890 3539 hanc
910 3505 1174 3542 coexistentiarn
1198 3504 1216 3551 (
1245 3513 1284 3540 ut

325 3561 452 3599 putant
471 3552 487 3598 )
509 3550 679 3586 Probatio
701 3550 884 3599 assumpti:
906 3566 985 3590 nam
1012 3549 1073 3604 per
1098 3555 1167 3590 hoc
1187 3553 1283 3601 quod

325 3599 623 3639 Antichristussit
649 3601 787 3646 presens
799 3607 1002 3651 eternitati‚
1030 3604 1201 3640 adhucest
1233 3603 1284 3637 fu-

325 3658 426 3685 turus
444 3663 505 3696 pro
522 3650 636 3696 aliqua
657 3648 854 3687 differentia
880 3658 1052 3698 temporis
1077 3682 1085 3691 .
1111 3654 1175 3690 Per
1195 3651 1281 3701 quid

325 3710 411 3743 ergo
429 3699 508 3744 ejus
533 3699 783 3735 futuritionem
797 3727 808 3744 9
837 3701 869 3735 8(
887 3711 926 3736 ut
944 3702 1131 3750 aliquando
1155 3703 1283 3751 produ·

323 3747 474 3783 cendam
491 3748 668 3784 certiffime
683 3751 860 3796 cognoscit
881 3759 897 3787 ἒ
925 3763 990 3786 non
1016 3765 1076 3801 per
1090 3752 1282 3789 coexisten-

322 3797 410 3835 tiam
432 3800 641 3845 eternitatir
664 3803 747 3848 quia
774 3800 1015 3841 Antichristus
1039 3814 1107 3839 non
1132 3802 1182 3843 est
1207 3812 1285 3854 pre-

1354 1464 1456 1500 Deus
1469 1491 1478 1507 ‚
1505 1463 1763 1500 ita0neceffar1'o
1777 1492 1786 1507 ‚
1810 1466 1842 1499 &
1858 1477 1925 1500 non
1944 1466 2131 1501 voluntate
2146 1464 2195 1500 est
2209 1466 2316 1501 {ciens

1353 1516 1708 1562 propi⁴ie‚quanquam
1723 1527 1788 1550 uon
1800 1514 1867 1550 sine
1888 1517 2071 1551 voluntate
2097 1515 2318 1563 complacen-

1352 1575 1386 1600 te
1415 1590 1424 1599 .
1459 1563 1598 1600 Exinde
1612 1562 1750 1599 ostenfis
1770 1566 1944 1601 voluntati
1970 1565 2137 1600 omnibus
2153 1564 2317 1612 posslbili-

1353 1614 1445 1656 bus,
1474 1623 1582 1660 atque
1612 1613 1876 1660 operabilibus‚
1900 1626 2095 1660 eorumque
2120 1617 2317 1662 principiis,

1350 1665 1466 1710 aliqua
1484 1675 1528 1698 ex
1544 1663 1598 1698 his
1615 1664 1781 1698 omnibus
1796 1674 2026 1710 acceptantur
2039 1663 2058 1699 a
2077 1663 2272 1706 voluntate,
2284 1665 2318 1699 8(

1353 1714 1588 1749 decernuntur
1620 1713 1738 1749 futura
1751 1741 1761 1755 ,
1788 1719 1870 1762 quia
1884 1713 2077 1750 efficaciter
2112 1714 2221 1749 volita
2251 1726 2318 1760 pro

1353 1765 1468 1810 aliqua
1499 1765 1671 1809 temporis
1699 1763 1893 1800 differentia
1909 1778 1918 1806 3
1946 1763 2100 1812 respeetu
2134 1765 2252 1810 itaque
2276 1776 2318 1798 o-

1354 1819 1485 1848 mnium
1511 1813 1753 1857 agendorum,
1778 1825 1884 1862 atque
1914 1815 2152 1861 operabilium
2203 1819 2318 1862 prima

1351 1864 1605 1900 determinatio
1619 1863 1714 1900 estin
1729 1864 1848 1899 divina
1868 1864 2053 1900 voluntate
2066 1892 2076 1908 ‚
2108 1875 2175 1910 qua
2202 1862 2316 1911 posita.

1351 1915 1662 1956 determinatione,
1690 1915 1870 1962 extemplo
1896 1919 2056 1949 omnium
2082 1913 2129 1949 est
2143 1912 2316 1950 ostensiva

1351 1962 1551 1999 intelleetui
1565 1963 1710 1999 essentia
1725 1965 1846 2000 divina
1865 1991 1875 2007 ‚
1897 1963 2004 2011 idque
2018 1964 2230 1999 naturaliter
2242 1990 2252 2005 ,
2282 1962 2317 1998 &

1351 2011 1540 2052 neceffario
1555 2025 1601 2048 ex
1615 2023 1712 2060 parte
1731 2015 1777 2048 sui
1793 2028 1803 2056 ς
1829 2019 1875 2049 ita
1888 2013 1983 2061 quod
1998 2013 2245 2049 ficutieffentia
2264 2012 2313 2049 est

1351 2067 1444 2100 ratio
1456 2064 1683 2108 cognoscendi
1710 2062 1876 2111 simplicia
1891 2089 1901 2104 ‚
1927 2068 1974 2099 ita
1993 2063 2026 2099 8(
2056 2064 2245 2109 complexa
2259 2071 2314 2098 ta-

1351 2115 1397 2150 lia
1413 2141 1422 2156 ,
1441 2125 1516 2160 quae
1529 2114 1690 2149 voluntas
1708 2115 1821 2149 voluit
1848 2114 1913 2149 esse
1926 2114 2045 2148 futura
2074 2141 2083 2149 .
2105 2113 2203 2148 Nam.
2229 2121 2314 2149 ante

1352 2163 1472 2200 aetum
1487 2163 1683 2198 voluntatis
1696 2163 2012 2199 determinativum
2024 2174 2145 2198 eorum
2163 2174 2229 2198 non
2243 2162 2329 2197 sunt>

1354 2226 1439 2249 vera
1455 2216 1692 2258 contingentia
1707 2240 1717 2255 ‚
1752 2224 1812 2250 aut
1825 2213 1898 2250 sunt
1912 2212 2092 2249 duntaxat
2121 2221 2248 2249 neutra
2264 2213 2315 2247 in-

1350 2263 1521 2303 tenet-tut,
1534 2264 1612 2298 cum
1630 2275 1695 2298 non
1711 2263 1866 2299 habeant
1882 2265 2072 2300 veritatem
2098 2262 2316 2299 determina-

1350 2321 1424 2349 tam
1437 2325 1449 2354 ’ς
1476 2313 1620 2359 perinde
1635 2317 1730 2348 enim
1757 2318 1788 2348 in
1805 2314 1865 2349 illo
1894 2313 2030 2349 instanti
2064 2312 2314 2359 Antichristus

1337 2362 1451 2411 potest
1464 2363 1530 2410 effe
1543 2390 1554 2405 ‚
1572 2375 1610 2397 cic
1624 2374 1689 2397 non
1706 2363 1772 2410 effi?
1785 2390 1794 2399 .
1821 2365 1870 2400 At
1888 2363 1995 2412 posita
2014 2363 2312 2400 determinatione

1346 2413 1540 2449 voluntatis
1556 2413 1684 2449 divinae
1697 2413 1921 2450 decernentis
1949 2414 2191 2449 futuritionem
2217 2413 2322 2448 illius

1344 2462 1509 2509 possibilis
1521 2489 1531 2505 ‚
1545 2465 1744 2510 complexio
1759 2466 1880 2500 evadit
1893 2477 1979 2500 vera
1992 2464 2224 2499 determinavi}
2240 2477 2250 2504 ς
2267 2474 2309 2498 ac

1345 2511 1470 2547 eadem
1485 2512 1624 2548 effentia
1639 2540 1649 2555 ,
1681 2524 1756 2559 quae
1767 2513 1882 2550 fuerat
1897 2519 1987 2549 ratio
2002 2513 2211 2559 intelligendi
2228 2512 2310 2548 fim-

1347 2562 1473 2608 plicia‚
1500 2563 1532 2596 8(
1565 2563 1751 2607 complexa
1779 2572 1951 2607 tanquam
1969 2571 2090 2597 neutra
2107 2590 2117 2603 ‚
2142 2560 2191 2596 est
2219 2564 2307 2597 item

1350 2612 1441 2648 ratio
1455 2610 1657 2647 ostendendi
1675 2610 1864 2646 intelleetui
1880 2616 1913 2647 in
1931 2609 2081 2646 secundo
2094 2610 2244 2653 instanti,
2271 2611 2312 2646 il·

1346 2662 1379 2697 la
1393 2662 1581 2710 complexa
1598 2661 1730 2696 habere
1746 2662 1932 2698 veritatem
1947 2659 2222 2696 determinatam
2236 2688 2246 2704 ,
2258 2669 2311 2697 at-

1349 2723 1415 2759 que
1435 2710 1604 2746 verissime
1623 2722 1688 2756 pro
1701 2711 1819 2758 aliquo
1841 2721 2004 2757 tempore
2019 2710 2134 2746 futura
2150 2738 2160 2752 ‚
2186 2723 2228 2746 ac
2244 2723 2310 2759 po·

1349 2761 1458 2798 nenda
1475 2766 1505 2795 iu
1524 2761 1590 2807 effe
1600 2760 1789 2797 existentiae
1804 2762 1906 2798 realis
1919 2787 1926 2795 .
1946 2759 2057 2796 Ratio
2077 2765 2193 2808 itaque
2209 2761 2312 2797 intel-

1348 2810 1478 2859 ligendi
1506 2811 1554 2847 est
1565 2811 1685 2847 eadem
1702 2837 1713 2854 ‚
1736 2811 1768 2845 8(
1784 2810 1914 2846 eodem
1931 2809 2037 2844 modo
2052 2810 2081 2846 se
2100 2810 2232 2846 habens
2256 2823 2311 2846 re-

1348 2861 1465 2909 spetfftu
1479 2861 1681 2910 simplicium
1693 2888 1703 2904 ‚
1735 2861 1768 2896 8(
1786 2862 2053 2908 complexorum
2078 2859 2313 2897 determinate

1348 2917 1539 2949 veritatem
1557 2911 1760 2947 habentium
1773 2938 1783 2952 ‚
1798 2911 1854 2947 sed
1867 2911 2032 2946 scitorum
2046 2911 2161 2957 aliqua
2180 2911 2312 2948 habent

1347 2962 1537 2998 necessario
1549 2961 1818 2997 determinatam
1833 2965 2038 3002 veritatem,
2049 2962 2171 3007 nempe
2185 2965 2312 2998 omnia

1348 3011 1541 3060 possibilia3
1567 3012 1680 3057 aliqua
1699 3023 1787 3047 vero
1801 3011 1931 3047 scilicet
1953 3008 2074 3044 futura
2090 3037 2100 3052 ‚
2128 3009 2308 3047 duntaxat

1348 3063 1420 3098 sunt
1434 3062 1665 3098 determinate
1683 3072 1767 3096 vera
1783 3059 1800 3095 a
1822 3062 1993 3107 principio
2008 3059 2122 3094 libero
2140 3074 2150 3101 ;
2178 3061 2232 3096 sed
2246 3073 2308 3107 pe-

1350 3112 1448 3147 rinde
1463 3110 1649 3147 necessario
1666 3110 1710 3145 ab
1727 3110 1871 3147 essentia
1906 3109 2018 3144 intelle
2027 3107 2099 3144 aui
2121 3109 2310 3147 ostendun-

1349 3171 1407 3197 tur
1419 3187 1430 3203 ,
1459 3171 1565 3207 atque
1582 3161 1633 3195 ita
1651 3159 1886 3196 determinate
1898 3186 1908 3201 ‚
1922 3160 1953 3194 8(
1966 3159 2234 3196 immutabiliter
2247 3173 2312 3208 ap·

1350 3210 1615 3257 prehenduntur
1632 3237 1642 3251 ‚
1664 3211 1697 3244 8(
1711 3208 1836 3249 eodem
1866 3209 1992 3251 modo,
2015 3220 2086 3255 quo
2115 3209 2282 3256 possibilia
2300 3236 2312 3254 ,

1348 3271 1550 3306 quanquam
1565 3262 1595 3294 in
1612 3259 1709 3305 {igno
1723 3258 1911 3307 posteriori
1926 3287 1936 3302 ,
1959 3259 2065 3302 idest,
2090 3259 2165 3306 post
2189 3259 2310 3295 aetum

1349 3309 1547 3345 voluntatis
1564 3335 1573 3351 ‚
1595 3309 1763 3345 sciuntur.
1788 3308 1867 3345 Nec
1897 3311 2049 3356 aliquam
2062 3307 2307 3345 diversitatem

1348 3358 1479 3395 exinde
1507 3359 1595 3396 subit
1627 3359 1767 3395 scientia
1785 3386 1795 3401 ‚
1817 3357 1874 3393 nisi
1899 3359 2086 3395 secundum
2116 3360 2248 3399 alium,
2272 3357 2307 3392 8(

1348 3409 1455 3444 alium
1467 3408 1660 3454 respeetum
1676 3411 1825 3444 rationis
1840 3410 2068 3445 terminatum
2084 3409 2125 3444 ad
2142 3408 2221 3443 scita
2236 3418 2305 3442 non

1347 3457 1474 3494 eodem
1487 3458 1593 3493 modo
1607 3463 1791 3494 veritatem
1815 3457 2088 3494 determinatam
2119 3457 2278 3492 habentia
2292 3483 2304 3500 ,

1347 3508 1401 3544 sed
1413 3506 1580 3555 possibilia
1610 3509 1653 3543 ab
1677 3509 1886 3549 intrinseco,
1913 3509 1946 3543 8(
1971 3506 2157 3544 necessario
2184 3504 2305 3543 futura

1345 3557 1390 3594 ab
1405 3556 1485 3592 acciu
1498 3558 1696 3593 voluntatis
1709 3558 1844 3605 divine,
1856 3557 1888 3592 8(
1899 3562 2156 3604 contingenter.
2169 3556 2308 3601 Aptum

1347 3609 1548 3654 exemplum
1561 3607 1662 3649 esset,
1674 3606 1695 3641 fi
1711 3607 1819 3643 stante
1835 3611 1866 3642 in
1882 3611 2039 3653 potentia
2059 3606 2167 3642 viiiva
2179 3605 2305 3640 eadem

1346 3656 1498 3700 visione,
1523 3669 1613 3692 nuuc
1630 3655 1729 3692 fieret
1754 3658 1787 3693 ei
1811 3657 1954 3703 prensens
1980 3654 2041 3693 iste
2067 3657 2187 3697 color,
2210 3666 2304 3690 nunc

1348 3707 1509 3750 ille‚non
1521 3707 1613 3742 foret
1635 3708 1764 3753 quippe
1791 3707 1857 3742 alia
1883 3704 2083 3741 differentia
2112 3707 2144 3740 in
2172 3702 2303 3742 vifione

1347 3754 1407 3790 nifi
1427 3756 1612 3791 secundum
1624 3758 1741 3802 prius,
1763 3756 1798 3790 8(
1813 3754 2011 3801 posterius;
2034 3765 2211 3802 quatenus
2231 3752 2306 3789 vis-

1347 3805 1562 3856 biliaordine
1572 3804 1786 3853 quodamjlli
1799 3803 2042 3855 objicerentur
2065 3830 2076 3842 .
2099 3803 2147 3842 Et
2161 3806 2267 3843 ,etiam
2285 3802 2317 3842 fi,

2163 3864 2255 3891 unus
