2583 4109
903 183 1214 254 (xxxix.)

0 294 10 305 t,
60 289 70 308 ,
102 256 229 306 sacto,
254 259 293 298 δι’
314 258 362 297 ad
388 253 622 297 miraculum
651 253 795 295 subtilis
812 282 822 302 ,
845 265 964 307 atque
987 263 1127 303 acut0,
1153 264 1195 295 ut
1221 265 1306 294 non
1333 261 1415 292 tam
1433 254 1641 295 hominem
1669 255 1808 295 mentis
1824 255 1904 295 acie
1927 254 2083 309 stupen-

45 316 68 367 ',
98 317 192 357 dum
212 345 223 366 ,
250 314 487 371 quaminter
501 323 661 367 argutos
694 312 951 368 philosophos
979 313 1182 367 quendam
1212 312 1355 353 dixeris
1384 313 1517 352 Deum
1548 342 1557 353 .
1587 314 1800 366 Postquam
1830 314 1979 355 Oxonii
2011 315 2081 355 ali-

4 417 9 423 ,
58 407 68 427 ,
99 387 195 430 quot
218 389 340 416 annos
370 384 519 427 magno
542 386 634 413 cum
660 371 791 414 fruCtu
818 372 1035 423 studuisset,
1060 373 1099 413 in
1125 372 1292 427 patriam
1317 371 1425 414 suam
1471 371 1819 414 Northumbriam
1853 372 2030 417 reversus
2068 402 2079 423 ,

57 465 69 487 ,
98 436 202 490 apud
229 431 569 477 Novumcastrum
594 432 871 475 Dunelmenfis
898 431 1175 487 Episcopatus,
1202 432 1398 487 oppidum
1426 443 1510 472 non
1533 429 1735 486 ignobile,
1764 433 1856 474 Divi
1885 425 2078 474 Francisci

0 520 3 523 ·
58 525 70 546 ‚
101 490 358 538 auctionibus
380 490 416 534 se
440 490 671 541 obstrinxit;
703 492 882 534 habitum
909 491 1095 548 suscepit,
1117 492 1158 533 δι
1181 489 1249 533 suo
1274 501 1460 545 tempore
1484 489 1553 532 sub
1583 491 1646 530 illa
1672 490 1801 532 saneta
1825 490 2079 533 observantia

0 593 8 598 t
59 584 70 605 ‚
99 550 380 611 profeffionem
406 551 527 592 edidit
554 582 563 591 .
590 551 766 594 Successu
797 553 991 608 temporis
1020 551 1154 593 denuo
1184 550 1312 592 missus
1339 551 1390 592 ad
1420 551 1625 592 Oxonien.
1656 550 1914 592 Academiam
1957 550 2083 591 inter„

57 643 69 664 ,
101 612 252 655 missum
276 610 460 652 nonnihil
480 611 702 652 studiorum
725 612 970 653 curriculum
988 640 1000 662 ,
1031 611 1196 652 ardente
1223 611 1396 665 quadam
1427 609 1602 652 discendi
1631 610 1815 651 aviditate
1845 637 1858 660 ,
1898 612 1938 650 ἃ
1971 611 2085 650 inex-

0 713 9 719 ,,
56 702 66 723 ,
97 669 291 728 tinguibili
317 670 564 712 scientiarum
592 670 651 713 siti
682 670 969 727 redintegravit
991 702 1002 713 .
1039 671 1238 725 Adeoque
1266 669 1497 712 incessanter
1525 669 1633 711 libris
1665 668 1838 719 inhaesit,
1865 679 1908 709 ut
1933 669 2077 723 pedem

6 775 9 777 .
55 762 64 784 ,
96 745 179 775 non
195 731 428 780 retraxerit,
455 731 585 772 donec
598 729 651 772 ibi
680 730 907 785 supremam
925 731 967 772 in
990 730 1096 773 sacra
1124 731 1348 786 Theologia
1373 731 1551 771 lauream
1581 729 1671 771 esset
1683 727 1940 776 consecutus3
1969 728 2082 769 simui

55 822 65 843 ,
94 793 134 835 in
147 805 192 833 ea
203 790 354 833 sublimi
367 787 548 832 facultate
565 791 775 832 &Dotstor
790 801 965 841 creatus,
986 793 1027 833 &
1054 789 1254 832 Professor
1269 790 1389 832 fastus
1418 820 1429 831 .
1456 791 1594 844 Itaque
1611 787 1787 844 primum
1814 789 1965 830 Oxonii
1990 789 2083 829 Ma-

0 895 9 900 „
55 881 64 904 ,
96 852 260 908 gistrum
288 850 570 893 sententiarum
608 850 838 906 explicavit;
866 851 1010 892 deinde
1053 852 1177 893 Anno
1221 851 1404 893 Domino
1448 864 1571 903 1307.
1606 848 1657 890 ab
1689 849 1837 890 Ordin.
1884 848 2081 889 Generali
2299 900 2302 903 .

2 918 14 957 s
55 942 65 964 ,
94 910 301 956 Gonfflvo
345 908 499 952 Tolosae
551 911 592 952 in
639 910 826 965 Capitulo
877 911 1107 953 constitutus
1157 912 1318 965 Regens
1342 939 1354 961 ,
1394 909 1457 952 seu
1498 907 1699 952 Professor
1749 906 1955 950 Perisiens.
2012 906 2081 950 ubi
2108 900 2241 934 0⁰¹¹s¹¹¹‘
2273 911 2322 931 Ἦ·

0 1013 2 1017 .
58 971 228 1024 ,denuo
257 970 488 1025 Theologiae
529 968 686 1012 cursum
729 969 867 1012 docuit
902 1000 912 1012 .
956 971 1098 1014 Tertio
1136 970 1299 1012 tandem
1344 971 1526 1012 Coloniae
1561 969 1791 1025 Agrippinae
1830 968 1937 1009 idem
1983 981 2083 1022 prae-
2107 953 2174 978 ‘²¹²²
2188 955 2258 982 “7'

0 1033 3 1036 “
54 1062 63 1083 ,
92 1032 182 1074 stitit
203 1028 422 1072 incredibili
447 1044 541 1072 cum
564 1030 808 1072 Auditorum
838 1030 1022 1085 applausu
1039 1060 1050 1080 ,
1078 1032 1119 1072 &
1149 1031 1251 1072 mira
1275 1028 1421 1072 subtilis
1445 1030 1594 1087 ingenii
1623 1028 1677 1071 sui
1722 1026 2039 1071 testificatione,
2071 1058 2081 1068 .

3 1095 15 1141 ζ,
54 1121 64 1144 ,
93 1092 206 1135 Nihil
229 1090 336 1132 enim
359 1099 444 1130 erat
463 1100 547 1133 tam
573 1089 787 1132 obscurum
803 1120 814 1140 ‚
846 1089 1045 1144 densaque
1069 1091 1234 1146 caligine
1261 1091 1513 1140 involutum,
1540 1090 1652 1144 quod
1677 1089 1741 1130 ille
1765 1087 1833 1130 sibi
1849 1087 1984 1129 saltem
2000 1101 2082 1130 non

0 1154 14 1200 ζ
54 1181 64 1203 ,
95 1150 312 1194 reddiderit
335 1148 607 1205 perspicuum,
632 1151 842 1192 &clarum
875 1165 884 1191 ε
915 1150 1010 1191 nihil
1039 1152 1121 1191 tam
1140 1151 1371 1200 occultum,
1398 1150 1438 1190 ἃ.
1462 1148 1709 1199 abstrusum,
1741 1148 1854 1203 quod
1883 1146 2084 1203 perspicax

53 1241 66 1264 ,
92 1212 173 1267 ejus
196 1209 402 1267 ingenium
432 1223 515 1252 non
539 1211 830 1266 penetraverit,
856 1208 934 1253 &e
957 1209 1132 1251 tenebris
1159 1209 1310 1252 eruerit
1338 1223 1348 1250 ε
1374 1209 1552 1265 nihilque
1580 1209 1754 1264 denique
1768 1209 1854 1250 tam
1870 1206 2084 1256 nodosum,

0 1275 15 1322 s
53 1303 66 1325 ,
93 1271 206 1327 quod
219 1271 281 1312 ille
293 1268 401 1324 quasi
415 1270 577 1324 quidam
590 1271 780 1325 OEdipus
798 1285 882 1312 non
896 1269 1137 1311 dissoluerit.

0 1336 2 1339 ’
60 1374 63 1377 ,
97 1361 125 1384 ,,
153 1332 260 1375 Mon
286 1328 425 1372 desunt
449 1331 517 1384 qui
543 1330 739 1380 scribant,
762 1333 869 1373 hunc
895 1329 1002 1372 fuisse
1032 1331 1209 1385 primum
1233 1330 1440 1372 austorem
1456 1358 1468 1380 ,
1494 1328 1752 1371 fundatorem
1768 1357 1780 1378 ,
1811 1329 1853 1370 &
1892 1326 2089 1369 instituto-

5 1435 9 1438 Δ
52 1424 62 1446 ,
94 1405 181 1434 rem
211 1390 435 1434 Academiae
461 1389 735 1440 Coloniensis,
761 1389 1043 1445 eumqueilluc
1055 1390 1208 1433 missum
1241 1391 1264 1431 a
1294 1389 1539 1446 primoribus
1555 1390 1663 1431 urbis
1681 1387 1845 1430 obviam
1859 1386 2085 1442 proceden-

15 1451 18 1459 ‘
52 1485 64 1507 ,
93 1450 194 1493 tibus
221 1463 313 1493 cum
337 1450 462 1492 Clero
488 1451 529 1492 &
556 1450 706 1505 populo
728 1449 1031 1505 perhonorifice
1060 1449 1301 1506 susceptum,
1329 1452 1369 1492 &
1399 1449 1507 1505 quasi
1536 1449 1688 1491 solenni
1719 1461 1868 1503 pompa
1884 1447 2006 1501 usque
2037 1446 2087 1486 ad

0 1517 15 1562 J
51 1545 62 1566 ,
92 1514 352 1555 conventum
380 1508 542 1553 suorum
570 1509 786 1552 dedustum
816 1509 923 1552 fuisse
961 1542 970 1552 .
1015 1511 1152 1553 Postea
1181 1509 1328 1552 scholas
1375 1509 1589 1565 aperuisse,
1617 1509 1766 1551 sacram
1813 1507 2083 1562 Theologiam

5 1579 16 1582 “
52 1605 64 1626 ,
95 1569 291 1621 docuisse,
314 1570 395 1624 jam
425 1571 545 1612 tertio
575 1570 731 1625 Magist.
763 1569 928 1613 sentent.
954 1570 1161 1625 publicitus
1189 1571 1490 1612 comnentariis
1519 1567 1716 1612 illustrasse
1733 1598 1744 1618 ,
1769 1566 1925 1622 suaeq·1e
1954 1566 2088 1607 erudi-

6 1676 10 1679 ,
51 1665 64 1686 ,
92 1632 206 1673 tionis
230 1659 242 1681 ,
268 1629 472 1686 &ingenii
498 1640 762 1673 monumenta
785 1629 1008 1673 indelebilia
1033 1630 1087 1672 ibi
1113 1628 1328 1684 reliquisse,
1354 1639 1397 1672 ut
1423 1629 1544 1684 usque
1560 1631 1600 1671 in
1615 1629 1860 1670 hodiernum
1875 1627 1984 1668 diem
2015 1640 2086 1667 ex-

2 1694 8 1701 “
51 1711 65 1746 i
94 1691 268 1734 cellentis
290 1691 402 1745 hujus
425 1691 613 1731 Dostoris
644 1699 824 1741 nomen,
847 1692 889 1732 δε
909 1690 1081 1732 eruditio
1092 1719 1104 1740 ,
1129 1690 1363 1745 opiniones,
1390 1689 1455 1732 seu
1485 1688 1685 1733 sententiae
1725 1696 1964 1743 argumenta
1989 1692 2013 1737 ,'
2048 1688 2090 1728 ὅ(

0 1797 14 1804 ,,
51 1785 61 1807 ,
92 1749 301 1794 solutiones
324 1779 337 1801 ,
356 1748 616 1792 fundamenta
641 1749 786 1800 solida,
815 1752 856 1792 &
876 1749 1031 1791 subtiles
1058 1749 1325 1792 distinstiones
1353 1779 1365 1801 ,
1408 1750 1541 1792 omnis
1578 1750 1755 1803 denique
1789 1746 1977 1788 mirabilis
2008 1745 2084 1788 viri

50 1843 62 1867 ,
92 1810 319 1860 memoria,
345 1809 556 1851 summoin
571 1812 730 1852 honore
745 1810 822 1853 iilic
839 1808 1059 1852 habeantur
1088 1841 1097 1850 .
1122 1810 1270 1851 Ferunt
1285 1820 1421 1852 tamen
1440 1824 1525 1851 non
1541 1820 1662 1860 tunc,
1687 1808 1752 1851 sed
1765 1807 1849 1864 post
1876 1820 2005 1848 annos
2029 1803 2088 1847 fe-

6 1875 17 1881 ”
50 1904 69 1927 ν
92 1874 311 1914 recentum
327 1896 340 1919 ,
366 1870 492 1913 Anno
506 1869 689 1912 videlicet
714 1872 838 1912 Dom.
872 1876 995 1923 1388.
1022 1869 1092 1913 sub
1126 1870 1301 1912 Urbano
1316 1871 1420 1926 Papa
1455 1871 1526 1912 Vl.
1556 1870 1718 1924 publicis
1747 1867 1919 1910 fundatis
1951 1866 2087 1908 lectio-

15 1979 17 1983 ,
49 1966 60 1988 ,
92 1930 232 1982 nibus,
263 1929 403 1971 debitis
414 1926 608 1985 affignatis
637 1929 832 1985 stipendiis
860 1931 1119 1973 Academiam
1137 1932 1311 1973 :restam
1328 1959 1339 1981 ,
1373 1929 1610 1980 stabilitam,
1644 1931 1686 1971 ὃς
1710 1927 1926 1984 privilegiis
1953 1926 2086 1968 muni-

0 1992 18 2040 ’j‘
49 1998 179 2048 ,·.·'tam
195 1987 537 2034 ad‘Univerfitatis
553 1989 1083 2033 Parifiensis'fimilitudinem
1095 2021 1106 2041 ,
1133 1990 1245 2033 suum
1260 1991 1477 2032 exordium
1491 1988 1675 2044 accepisse
1691 2019 1701 2029 .

0 2059 11 2106 ³j
90 2070 126 2105 2·„·
148 2052 251 2107 Qo
269 2057 464 2109 ‘tempore
490 2051 674 2092 Coloniae
696 2051 854 2101 docuit,
887 2050 1220 2094 concurrentibus
1251 2051 1430 2106 undique
1459 2049 1553 2092 viris
1571 2047 1798 2091 dostislimis
1815 2076 1827 2098 ‚
1853 2056 1944 2089 orta
1959 2045 2013 2089 est
2041 2045 2082 2087 in

0 2111 16 2122 ”
49 2145 63 2168 ,
92 2113 233 2156 scholis
261 2109 538 2154 controversia
556 2112 691 2168 gravis
707 2140 718 2161 ,
746 2113 846 2166 quid
869 2112 923 2153 de>
945 2112 1224 2165 Conceptione
1251 2112 1298 2153 B.
1311 2109 1455 2153 Mariae
1486 2110 1604 2166 Virg.
1633 2109 1881 2158 sentiendum
1895 2135 1907 2158 ,
1933 2104 2089 2149 essetne

0 2178 11 2182 '⁴
49 2203 64 2228 ,
94 2174 143 2217 in'
158 2172 352 2227 'originali
375 2181 538 2226 peccato
553 2201 565 2222 ,
587 2185 638 2213 an
663 2171 768 2214 secus
784 2201 799 2222 ,
815 2176 1043 2228 concepta?
1073 2173 1230 2214 Omnes
1255 2170 1413 2214 A'lberti
1438 2171 1579 2227 Magni
1606 2169 1815 2212 sectatores
1854 2168 1895 2209 in
1925 2176 2089 2222 peccato

48 2266 66 2288 „
95 2242 333 2287 conceptam
347 2230 454 2274 fuiffe
468 2230 714 2274 asferuerunt
742 2243 752 2272 ι
779 2234 942 2284 Scotus,
968 2234 1009 2274 &
1034 2243 1238 2287 quotquot
1262 2241 1379 2273 erant
1399 2231 1472 2273 suae
1490 2229 1631 2273 scholae
1658 2229 1906 2272 contrarium
1934 2226 2089 2269 mordi-

8 2296 15 2301 '
47 2312 77 2348 οι
95 2307 163 2335 cns
177 2293 399 2348 tenuerunt
422 2322 434 2332 .
465 2291 782 2345 Qiae'stententia
801 2306 916 2335 nunc
938 2293 1058 2334 etiam
1074 2291 1251 2348 potiores
1277 2289 1408 2346 partes
1437 2290 1619 2340 obtinet,
1646 2289 1848 2345 magisque
1860 2286 2091 2330 communi-

11 2384 13 2399 =
48 2387 67 2408 ‚‚
98 2363 159 2394 ter
177 2381 189 2403 ,
219 2353 260 2393 &
283 2350 354 2406 pie
372 2350 636 2393 defenditur.
669 2353 715 2393 In
733 2352 965 2394 hae-autem·
975 2350 1278 2402 concertatione
1290 2353 1431 2394 Scotus
1441 2348 1760 2399 tarn'accurate,
1785 2350 1870 2391 tam
1882 2347 2087 2396 subtiliter,

10 2416 14 2463 s
48 2447 69 2468 „
101 2418 182 2454 t'am
203 2424 372 2454 nervose
389 2440 400 2461 ,
432 2413 569 2452 omnia
586 2411 799 2452 contrariae
814 2413 933 2466 partis
945 2422 1183 2467 argumenta
1197 2413 1238 2453 in
1253 2410 1408 2465 publica
1434 2409 1693 2465 disputatione
1723 2408 1918 2458 dissolvit,
1950 2417 1992 2448 ut
2023 2405 2091 2461 ipsi
2137 2414 2142 2418 '

10 2477 13 2480 ⁴
47 2506 69 2529 ‚‚
100 2474 218 2514 etiam
234 2470 445 2512 adversarii
462 2499 474 2520 ,
507 2471 694 2512 velinviti
707 2471 942 2526 stupendum
969 2471 1141 2513 hominis
1167 2471 1374 2525 ingenium
1392 2469 1554 2512 confessi
1582 2483 1674 2511 cum
1705 2469 1890 2511 universo
1920 2466 2087 2523 praesen-

0 2532 7 2544 *
47 2566 71 2590 „
100 2533 197 2574 tium
213 2529 424 2580 consensu,
456 2539 648 2584 tanquam
666 2544 749 2571 uno
764 2544 837 2571 ore
852 2532 1077 2572 Doe‘torem
1098 2530 1293 2573 Subtilem
1322 2530 1431 2572 enim
1465 2529 1824 2586 pronunciaverint
1851 2543 1860 2568 :
1887 2541 1971 2582 quo
2000 2527 2094 2567 titu-

48 2627 71 2648 „
101 2593 141 2633 lo
157 2591 332 2646 usquein
360 2590 604 2632 hodiernum
633 2589 739 2632 diem
769 2590 980 2634 innotescit
1011 2622 1021 2631 .
1050 2591 1127 2632 Sed
1144 2593 1251 2633 unde
1277 2590 1498 2632 evidentius
1525 2598 1810 2645 argumentum
1828 2588 1964 2643 magni
1993 2587 2092 2627 illius

0 2659 15 2700 ζ
39 2664 73 2708 ’,,
103 2651 251 2708 ingenii
264 2650 420 2693 sumere
434 2651 652 2705 poterimus
668 2679 680 2700 ,
710 2664 833 2704 quam
849 2652 954 2693 exiis
985 2665 1073 2706 quae
1105 2652 1243 2692 vivens
1273 2649 1447 2706 scripsit,
1473 2649 1705 2691 &moriens
1723 2649 1885 2704 posteris
1919 2644 2093 2700 reliquit.

1 2713 19 2761 f
47 2746 71 2768 ‚,
102 2710 259 2767 Scripsit
272 2720 402 2752 autem
419 2723 496 2765 pro
508 2709 703 2754 brevitate
721 2710 807 2754 vitae
822 2740 835 2762 ,
859 2725 984 2766 quam
999 2710 1122 2760 vixit,
1145 2713 1187 2752 ὃ(
1200 2710 1406 2756 altitudine
1423 2724 1562 2752 rerum
1577 2739 1588 2759 ‚
1622 2711 1662 2751 δι
1681 2709 1933 2751 multitudine
1965 2705 2092 2750 iibro·

0 2776 6 2782 “
47 2806 70 2829 „
102 2787 190 2814 rum
203 2769 319 2827 plane
333 2769 550 2812 mirabilia.

102 2834 315 2876 Lecturam
327 2831 367 2872 in
380 2829 572 2872 Genesim
588 2861 598 2873 .
1973 2826 2039 2868 lib.
2060 2840 2075 2867 1
2087 2856 2096 2866 .

101 2895 164 2937 De
180 2905 316 2934 rerum
331 2891 526 2946 principio
546 2922 556 2931 .
1972 2887 2040 2929 lib.
2061 2900 2096 2926 1.

107 2956 168 2996 De
183 2953 315 3008 primo
331 2963 468 2992 rerum
481 2950 677 3006 principio
691 2981 701 2991 .
1964 2946 2029 2988 lib.
2055 2961 2069 2987 1
2081 2977 2091 2987 .

52 3012 211 3059 Domine
231 3011 338 3054 Deus
355 3008 477 3069 noster
494 3041 505 3051 .

103 3068 230 3117 MSS.
246 3071 387 3113 Oxom'i
399 3071 441 3112 in
463 3069 625 3126 Collegio
638 3085 730 3112 novo
757 3101 766 3110 .
795 3071 920 3113 Extat
942 3070 1120 3114 Venetiis
1137 3070 1251 3114 Anno
1274 3087 1397 3129 1497.

111 3132 285 3177 ‘Nancaei
295 3131 375 3173 vidi
386 3131 429 3172 in
446 3129 689 3173 Bibliotheca
704 3127 1055 3189 Francifianorum
1066 3161 1078 3173 .

104 3195 341 3236 Comment.
353 3191 392 3232 in
405 3190 617 3246 Evangelia
629 3220 641 3231 .
1971 3185 2039 3228 lib.
2057 3201 2097 3238 4.

107 3255 153 3296 ln
167 3252 285 3308 Epist.
299 3253 351 3293 D.
367 3250 474 3292 Pauli
489 3280 502 3289 .
1858 3246 1924 3289 lib.
1938 3247 2070 3303 plures
2086 3277 2097 3287 .

107 3315 292 3356 Sermon.
310 3311 359 3351 de
372 3309 521 3351 Sanctis
536 3340 547 3351 .
1978 3306 2045 3348 lib.
2063 3321 2078 3348 1
2089 3337 2097 3346 .

109 3375 235 3416 Serm.
248 3371 296 3412 de
308 3381 491 3422 tempore
505 3400 514 3410 .
1978 3365 2046 3408 lib.
2065 3380 2099 3409 1.

53 3431 300 3490 Eruntstgna
326 3462 336 3472 .
365 3429 410 3472 In
423 3430 489 3471 hoc
507 3428 657 3486 Evang-

109 3492 152 3532 In
167 3491 322 3546 Magist.
338 3492 515 3532 Sentent.
530 3490 767 3531 comment.
782 3490 984 3532 Oxonien.
1976 3485 2042 3528 lib.
2058 3502 2095 3539 4.

58 3549 198 3593 Utrum
212 3551 430 3606 hominipro
443 3547 544 3596 flatu
558 3547 679 3607 istostt
691 3578 703 3599 ,
725 3549 813 3592 &c.

110 3610 235 3652 MSS.
252 3609 393 3651 Oxonii
406 3610 447 3649 in
467 3609 558 3651 Coll.
575 3620 666 3650 novo
679 3638 691 3659 ,
724 3608 782 3656 &1
810 3609 852 3649 itt
879 3606 1150 3663 Mertonensi,
1180 3609 1235 3653 &
1249 3610 1291 3651 in
1311 3607 1535 3664 Dalliolenlt'
1556 3639 1566 3649 .
1601 3607 1859 3662 CantabrigIae
1887 3606 2097 3664 inpublica

53 3668 93 3709 in
125 3669 282 3725 Collegio
312 3669 346 3712 S.
383 3669 491 3710 Petri
515 3700 523 3708 .
558 3670 612 3711 Et
640 3669 683 3709 in
714 3668 876 3724 Collcgio
909 3667 995 3725 Caij
1015 3670 1183 3712 habetur
1212 3669 1342 3712 MSS.
1373 3670 1414 3710 in
1463 3662 1641 3712 Primum
1675 3666 1986 3716 sententiarum,
2009 3679 2095 3707 cum

55 3728 110 3769 his
123 3728 283 3785 versibus
296 3728 420 3786 infinc
431 3727 531 3770 libri
541 3759 552 3768 .

0 3843 3 3846 Ι
53 3788 153 3829 Istud
165 3803 260 3843 opus
277 3787 420 3843 scripsit
437 3790 574 3829 Scorus
588 3786 685 3830 dum
699 3801 872 3844 corpore
887 3786 986 3830 vixit
998 3818 1011 3839 ,

106 3848 254 3889 Parisiis
269 3849 366 3889 dixit
379 3877 389 3897 ,
415 3850 454 3888 ὃς
469 3846 524 3887 ob
536 3850 614 3888 hoc
625 3847 688 3889 sua
704 3847 809 3888 fama
827 3848 992 3890 revixit:

105 3907 473 3955 Nfimffibjssubtilis
490 3919 642 3948 nomen
656 3905 805 3949 subtilia
823 3908 978 3950 donant
993 3938 1005 3957 ,
1908 3908 2043 3961 Qem
