<?xml version="1.0" encoding="UTF-8"?>
<!DOCTYPE html PUBLIC "-//W3C//DTD XHTML 1.0 Transitional//EN"
    "http://www.w3.org/TR/xhtml1/DTD/xhtml1-transitional.dtd">
<html xmlns="http://www.w3.org/1999/xhtml" xml:lang="en" lang="en">
 <head>
  <title>
</title>
<meta http-equiv="Content-Type" content="text/html;charset=utf-8" />
  <meta name='ocr-system' content='tesseract 3.04.00' />
  <meta name='ocr-capabilities' content='ocr_page ocr_carea ocr_par ocr_line ocrx_word'/>
</head>
<body>
  <div class='ocr_page' id='page_1' title='image "./joannisdunsscoti01duns_0347.png"; bbox 0 0 2666 4109; ppageno 0'>
   <div class='ocr_carea' id='block_1_1' title="bbox 47 678 170 709">
    <p class='ocr_par' dir='ltr' id='par_1_1' title="bbox 47 678 170 709">
     <span class='ocr_line' id='line_1_1' title="bbox 47 678 170 709; baseline -0.024 -4"><span class='ocrx_word' id='word_1_1' title='bbox 47 678 170 709; x_wconf 54' lang='lat' dir='ltr'>udin-44·</span> 
     </span>
    </p>
   </div>
   <div class='ocr_carea' id='block_1_2' title="bbox 47 902 255 928">
    <p class='ocr_par' dir='ltr' id='par_1_2' title="bbox 47 902 255 928">
     <span class='ocr_line' id='line_1_2' title="bbox 47 902 255 928; baseline -0.005 0"><span class='ocrx_word' id='word_1_2' title='bbox 47 902 184 928; x_wconf 67' lang='lat' dir='ltr'>Contu-arisi</span> <span class='ocrx_word' id='word_1_3' title='bbox 197 902 255 927; x_wconf 76' lang='lat' dir='ltr'>sen-</span> 
     </span>
    </p>
   </div>
   <div class='ocr_carea' id='block_1_3' title="bbox 43 935 251 992">
    <p class='ocr_par' dir='ltr' id='par_1_3' title="bbox 43 935 251 992">
     <span class='ocr_line' id='line_1_3' title="bbox 48 935 251 963; baseline -0.005 -3"><span class='ocrx_word' id='word_1_4' title='bbox 48 935 80 960; x_wconf 76' lang='lat' dir='ltr'>tit</span> <span class='ocrx_word' id='word_1_5' title='bbox 115 936 251 963; x_wconf 74' lang='lat' dir='ltr'>Caiexanus</span> 
     </span>
     <span class='ocr_line' id='line_1_4' title="bbox 43 966 98 992; baseline -0.018 0"><span class='ocrx_word' id='word_1_6' title='bbox 43 966 98 992; x_wconf 56' lang='lat' dir='ltr'>nic.</span> 
     </span>
    </p>
   </div>
   <div class='ocr_carea' id='block_1_4' title="bbox 44 1780 259 1881">
    <p class='ocr_par' dir='ltr' id='par_1_4' title="bbox 44 1780 259 1881">
     <span class='ocr_line' id='line_1_5' title="bbox 48 1780 259 1817; baseline -0.014 -10"><span class='ocrx_word' id='word_1_7' title='bbox 48 1780 208 1817; x_wconf 54' lang='lat' dir='ltr'>Qiodlihq.</span> <span class='ocrx_word' id='word_1_8' title='bbox 218 1787 259 1805; x_wconf 66' lang='grc' dir='ltr'>ιι.</span> 
     </span>
     <span class='ocr_line' id='line_1_6' title="bbox 48 1813 259 1853; baseline 0.005 -14"><span class='ocrx_word' id='word_1_9' title='bbox 48 1816 76 1847; x_wconf 72' lang='lat'>§-</span> <span class='ocrx_word' id='word_1_10' title='bbox 84 1814 217 1853; x_wconf 32' lang='lat' dir='ltr'>.Quum-</span> <span class='ocrx_word' id='word_1_11' title='bbox 225 1813 259 1841; x_wconf 66' lang='lat' dir='ltr'>nd</span> 
     </span>
     <span class='ocr_line' id='line_1_7' title="bbox 44 1854 179 1881; baseline 0.007 -9"><span class='ocrx_word' id='word_1_12' title='bbox 44 1854 158 1881; x_wconf 56' lang='lat' dir='ltr'>&#39;nm-u</span> <span class='ocrx_word' id='word_1_13' title='bbox 168 1863 179 1873; x_wconf 65' lang='grc' dir='ltr'>ι</span> 
     </span>
    </p>
   </div>
   <div class='ocr_carea' id='block_1_5' title="bbox 655 154 1915 250">
    <p class='ocr_par' dir='ltr' id='par_1_5' title="bbox 655 154 1915 250">
     <span class='ocr_line' id='line_1_8' title="bbox 655 154 1915 250; baseline 0.002 -28"><span class='ocrx_word' id='word_1_14' title='bbox 655 157 881 223; x_wconf 73' lang='lat' dir='ltr'>Tamus</span> <span class='ocrx_word' id='word_1_15' title='bbox 917 157 956 222; x_wconf 85' lang='lat'>1.</span> <span class='ocrx_word' id='word_1_16' title='bbox 977 155 1140 224; x_wconf 81' lang='lat' dir='ltr'>Pars</span> <span class='ocrx_word' id='word_1_17' title='bbox 1159 160 1202 224; x_wconf 88' lang='grc' dir='ltr'>Ι.</span> <span class='ocrx_word' id='word_1_18' title='bbox 1218 154 1654 250; x_wconf 61' lang='lat' dir='ltr'>Quoestxxll.</span> <span class='ocrx_word' id='word_1_19' title='bbox 1687 158 1822 233; x_wconf 73' lang='lat' dir='ltr'>Art,</span> <span class='ocrx_word' id='word_1_20' title='bbox 1844 162 1915 227; x_wconf 83' lang='grc' dir='ltr'>ΙΙ.</span> 
     </span>
    </p>
   </div>
   <div class='ocr_carea' id='block_1_6' title="bbox 291 248 1254 946">
    <p class='ocr_par' dir='ltr' id='par_1_6' title="bbox 291 248 1254 946">
     <span class='ocr_line' id='line_1_9' title="bbox 292 248 1246 297; baseline 0.004 -13"><span class='ocrx_word' id='word_1_21' title='bbox 292 248 421 296; x_wconf 60' lang='lat' dir='ltr'>(pt-{lat</span> <span class='ocrx_word' id='word_1_22' title='bbox 440 257 500 293; x_wconf 86' lang='lat' dir='ltr'>per</span> <span class='ocrx_word' id='word_1_23' title='bbox 517 255 666 283; x_wconf 84' lang='lat' dir='ltr'>mortem</span> <span class='ocrx_word' id='word_1_24' title='bbox 695 250 1074 297; x_wconf 79' lang='lat' dir='ltr'>exterminarijustitiae</span> <span class='ocrx_word' id='word_1_25' title='bbox 1092 253 1246 288; x_wconf 83' lang='lat' dir='ltr'>violato-</span> 
     </span>
     <span class='ocr_line' id='line_1_10' title="bbox 292 296 1245 346; baseline 0.006 -15"><span class='ocrx_word' id='word_1_26' title='bbox 292 312 373 336; x_wconf 49' lang='lat' dir='ltr'>rem</span> <span class='ocrx_word' id='word_1_27' title='bbox 394 302 439 332; x_wconf 82' lang='lat' dir='ltr'>ita</span> <span class='ocrx_word' id='word_1_28' title='bbox 457 297 489 330; x_wconf 80' lang='grc' dir='ltr'><strong>δ(</strong></span> <span class='ocrx_word' id='word_1_29' title='bbox 510 296 609 331; x_wconf 87' lang='lat' dir='ltr'>Deus</span> <span class='ocrx_word' id='word_1_30' title='bbox 625 325 634 340; x_wconf 83' lang='lat'><em>‚</em></span> <span class='ocrx_word' id='word_1_31' title='bbox 662 304 827 346; x_wconf 86' lang='lat' dir='ltr'>quamvis</span> <span class='ocrx_word' id='word_1_32' title='bbox 841 299 889 333; x_wconf 88' lang='lat' dir='ltr'>ob</span> <span class='ocrx_word' id='word_1_33' title='bbox 904 300 1189 345; x_wconf 81' lang='lat' dir='ltr'>improbitatem,</span> <span class='ocrx_word' id='word_1_34' title='bbox 1212 302 1245 337; x_wconf 87' lang='grc'>8(</span> 
     </span>
     <span class='ocr_line' id='line_1_11' title="bbox 291 346 1245 398; baseline 0.003 -15"><span class='ocrx_word' id='word_1_35' title='bbox 291 348 461 382; x_wconf 74' lang='lat' dir='ltr'>malitiam</span> <span class='ocrx_word' id='word_1_36' title='bbox 492 346 671 383; x_wconf 84' lang='lat' dir='ltr'>hominum</span> <span class='ocrx_word' id='word_1_37' title='bbox 701 362 761 386; x_wconf 83' lang='lat' dir='ltr'>eos</span> <span class='ocrx_word' id='word_1_38' title='bbox 773 349 950 396; x_wconf 83' lang='lat' dir='ltr'>adjudicet</span> <span class='ocrx_word' id='word_1_39' title='bbox 966 355 1101 384; x_wconf 80' lang='lat' dir='ltr'>aeternis</span> <span class='ocrx_word' id='word_1_40' title='bbox 1118 350 1245 398; x_wconf 83' lang='lat' dir='ltr'>suppli-</span> 
     </span>
     <span class='ocr_line' id='line_1_12' title="bbox 292 398 1244 447; baseline -0.002 -10"><span class='ocrx_word' id='word_1_41' title='bbox 292 400 358 431; x_wconf 65' lang='grc' dir='ltr'>ΰὶίδ</span> <span class='ocrx_word' id='word_1_42' title='bbox 373 407 511 437; x_wconf 78' lang='lat' dir='ltr'>,tamen</span> <span class='ocrx_word' id='word_1_43' title='bbox 532 398 791 435; x_wconf 67' lang='lat' dir='ltr'>nonfrustrazur</span> <span class='ocrx_word' id='word_1_44' title='bbox 809 399 864 433; x_wconf 87' lang='lat' dir='ltr'>sua</span> <span class='ocrx_word' id='word_1_45' title='bbox 891 398 1117 444; x_wconf 87' lang='lat' dir='ltr'>providentia</span> <span class='ocrx_word' id='word_1_46' title='bbox 1136 426 1146 441; x_wconf 83' lang='lat'>,</span> <span class='ocrx_word' id='word_1_47' title='bbox 1176 412 1244 447; x_wconf 86' lang='lat' dir='ltr'>qua</span> 
     </span>
     <span class='ocr_line' id='line_1_13' title="bbox 292 445 1245 496; baseline 0.002 -13"><span class='ocrx_word' id='word_1_48' title='bbox 292 447 414 481; x_wconf 67' lang='lat' dir='ltr'>statuit</span> <span class='ocrx_word' id='word_1_49' title='bbox 427 445 565 491; x_wconf 76' lang='lat' dir='ltr'>legibus</span> <span class='ocrx_word' id='word_1_50' title='bbox 576 446 644 484; x_wconf 82' lang='lat' dir='ltr'>suis</span> <span class='ocrx_word' id='word_1_51' title='bbox 659 457 822 496; x_wconf 85' lang='lat' dir='ltr'>parentes</span> <span class='ocrx_word' id='word_1_52' title='bbox 832 449 960 483; x_wconf 80' lang='lat' dir='ltr'>donare</span> <span class='ocrx_word' id='word_1_53' title='bbox 972 448 1087 493; x_wconf 86' lang='lat' dir='ltr'>gloria</span> <span class='ocrx_word' id='word_1_54' title='bbox 1102 460 1245 490; x_wconf 82' lang='lat' dir='ltr'>aeterna3</span> 
     </span>
     <span class='ocr_line' id='line_1_14' title="bbox 292 496 1244 545; baseline -0.001 -12"><span class='ocrx_word' id='word_1_55' title='bbox 292 504 415 531; x_wconf 84' lang='lat' dir='ltr'>contra</span> <span class='ocrx_word' id='word_1_56' title='bbox 434 496 516 531; x_wconf 57' lang='lat' dir='ltr'>vert}</span> <span class='ocrx_word' id='word_1_57' title='bbox 534 499 659 540; x_wconf 78' lang='lat' dir='ltr'>impios</span> <span class='ocrx_word' id='word_1_58' title='bbox 673 500 840 536; x_wconf 88' lang='lat' dir='ltr'>subiicere</span> <span class='ocrx_word' id='word_1_59' title='bbox 863 502 972 542; x_wconf 86' lang='lat' dir='ltr'>poenis</span> <span class='ocrx_word' id='word_1_60' title='bbox 1001 498 1217 545; x_wconf 81' lang='lat' dir='ltr'>sempiternis</span> <span class='ocrx_word' id='word_1_61' title='bbox 1235 511 1244 532; x_wconf 89' lang='lat'>:</span> 
     </span>
     <span class='ocr_line' id='line_1_15' title="bbox 291 544 1247 594; baseline 0.002 -14"><span class='ocrx_word' id='word_1_62' title='bbox 291 551 411 593; x_wconf 85' lang='lat' dir='ltr'>itaque</span> <span class='ocrx_word' id='word_1_63' title='bbox 428 548 560 592; x_wconf 74' lang='lat' dir='ltr'>semper</span> <span class='ocrx_word' id='word_1_64' title='bbox 572 544 649 584; x_wconf 67' lang='lat' dir='ltr'>finis</span> <span class='ocrx_word' id='word_1_65' title='bbox 668 548 830 594; x_wconf 73' lang='lat' dir='ltr'>praefixus</span> <span class='ocrx_word' id='word_1_66' title='bbox 843 548 909 583; x_wconf 87' lang='lat' dir='ltr'>illis</span> <span class='ocrx_word' id='word_1_67' title='bbox 921 547 1059 592; x_wconf 77' lang='lat' dir='ltr'>legibus</span> <span class='ocrx_word' id='word_1_68' title='bbox 1069 549 1218 584; x_wconf 84' lang='lat' dir='ltr'>habetur</span> <span class='ocrx_word' id='word_1_69' title='bbox 1237 562 1247 582; x_wconf 70' lang='grc' dir='ltr'><strong><em>ε</em></strong></span> 
     </span>
     <span class='ocr_line' id='line_1_16' title="bbox 292 595 1248 645; baseline 0.003 -15"><span class='ocrx_word' id='word_1_70' title='bbox 292 595 353 632; x_wconf 85' lang='lat' dir='ltr'>etsi</span> <span class='ocrx_word' id='word_1_71' title='bbox 371 595 484 630; x_wconf 84' lang='lat' dir='ltr'>media</span> <span class='ocrx_word' id='word_1_72' title='bbox 500 621 510 636; x_wconf 93' lang='lat'>,</span> <span class='ocrx_word' id='word_1_73' title='bbox 525 595 558 629; x_wconf 90' lang='lat'>&amp;</span> <span class='ocrx_word' id='word_1_74' title='bbox 573 598 738 634; x_wconf 77' lang='lat' dir='ltr'>beneficia</span> <span class='ocrx_word' id='word_1_75' title='bbox 754 598 1027 644; x_wconf 78' lang='lat' dir='ltr'>supernaturalia</span> <span class='ocrx_word' id='word_1_76' title='bbox 1042 598 1091 633; x_wconf 89' lang='lat' dir='ltr'>ob</span> <span class='ocrx_word' id='word_1_77' title='bbox 1107 599 1248 645; x_wconf 86' lang='lat' dir='ltr'>culpam</span> 
     </span>
     <span class='ocr_line' id='line_1_17' title="bbox 294 646 1247 695; baseline 0.003 -13"><span class='ocrx_word' id='word_1_78' title='bbox 294 646 493 681; x_wconf 82' lang='lat' dir='ltr'>voluntatis</span> <span class='ocrx_word' id='word_1_79' title='bbox 516 655 646 684; x_wconf 77' lang='lat' dir='ltr'>creatae</span> <span class='ocrx_word' id='word_1_80' title='bbox 676 648 847 695; x_wconf 84' lang='lat' dir='ltr'>plerisque</span> <span class='ocrx_word' id='word_1_81' title='bbox 873 647 1062 684; x_wconf 87' lang='lat' dir='ltr'>reddantur</span> <span class='ocrx_word' id='word_1_82' title='bbox 1087 650 1247 685; x_wconf 80' lang='lat' dir='ltr'>inutilia:</span> 
     </span>
     <span class='ocr_line' id='line_1_18' title="bbox 292 693 1252 743; baseline 0.003 -11"><span class='ocrx_word' id='word_1_83' title='bbox 292 699 339 732; x_wconf 83' lang='lat' dir='ltr'>Hi</span> <span class='ocrx_word' id='word_1_84' title='bbox 353 705 468 730; x_wconf 82' lang='lat' dir='ltr'>tamen</span> <span class='ocrx_word' id='word_1_85' title='bbox 481 693 671 733; x_wconf 81' lang='lat' dir='ltr'>abutentes</span> <span class='ocrx_word' id='word_1_86' title='bbox 682 725 692 740; x_wconf 87' lang='lat'>,</span> <span class='ocrx_word' id='word_1_87' title='bbox 718 709 760 732; x_wconf 87' lang='lat' dir='ltr'>ac</span> <span class='ocrx_word' id='word_1_88' title='bbox 773 709 840 733; x_wconf 92' lang='lat' dir='ltr'>non</span> <span class='ocrx_word' id='word_1_89' title='bbox 853 697 1134 735; x_wconf 82' lang='lat' dir='ltr'>obsecundantes</span> <span class='ocrx_word' id='word_1_90' title='bbox 1145 711 1252 743; x_wconf 68' lang='lat' dir='ltr'>gene-</span> 
     </span>
     <span class='ocr_line' id='line_1_19' title="bbox 292 743 1251 795; baseline 0.001 -11"><span class='ocrx_word' id='word_1_91' title='bbox 292 749 376 784; x_wconf 74' lang='lat' dir='ltr'>ralis</span> <span class='ocrx_word' id='word_1_92' title='bbox 390 743 620 791; x_wconf 82' lang='lat' dir='ltr'>providentiae</span> <span class='ocrx_word' id='word_1_93' title='bbox 637 749 772 793; x_wconf 70' lang='lat' dir='ltr'>legibus</span> <span class='ocrx_word' id='word_1_94' title='bbox 788 774 798 789; x_wconf 87' lang='lat'><strong>‚</strong></span> <span class='ocrx_word' id='word_1_95' title='bbox 824 746 958 783; x_wconf 81' lang='lat' dir='ltr'>cadunt</span> <span class='ocrx_word' id='word_1_96' title='bbox 972 746 1031 783; x_wconf 89' lang='lat' dir='ltr'>sub</span> <span class='ocrx_word' id='word_1_97' title='bbox 1051 749 1187 795; x_wconf 89' lang='lat' dir='ltr'>judicio</span> <span class='ocrx_word' id='word_1_98' title='bbox 1200 749 1251 785; x_wconf 87' lang='lat' dir='ltr'>le·</span> 
     </span>
     <span class='ocr_line' id='line_1_20' title="bbox 294 793 1253 845; baseline 0.004 -14"><span class='ocrx_word' id='word_1_99' title='bbox 294 809 378 845; x_wconf 76' lang='lat' dir='ltr'>guni</span> <span class='ocrx_word' id='word_1_100' title='bbox 396 793 625 837; x_wconf 67' lang='lat' dir='ltr'>providentia:</span> <span class='ocrx_word' id='word_1_101' title='bbox 642 798 811 845; x_wconf 84' lang='lat' dir='ltr'>specialis:</span> <span class='ocrx_word' id='word_1_102' title='bbox 823 809 900 843; x_wconf 82' lang='lat' dir='ltr'>quae</span> <span class='ocrx_word' id='word_1_103' title='bbox 915 808 1090 844; x_wconf 83' lang='lat' dir='ltr'>nunquam</span> <span class='ocrx_word' id='word_1_104' title='bbox 1105 800 1162 834; x_wconf 90' lang='lat' dir='ltr'>suo</span> <span class='ocrx_word' id='word_1_105' title='bbox 1181 797 1253 835; x_wconf 81' lang='lat' dir='ltr'>fru-</span> 
     </span>
     <span class='ocr_line' id='line_1_21' title="bbox 294 843 1253 896; baseline 0.002 -12"><span class='ocrx_word' id='word_1_106' title='bbox 294 848 391 884; x_wconf 85' lang='lat' dir='ltr'>strari</span> <span class='ocrx_word' id='word_1_107' title='bbox 409 843 680 890; x_wconf 67' lang='lat' dir='ltr'>potesteffeetu.</span> <span class='ocrx_word' id='word_1_108' title='bbox 706 847 881 889; x_wconf 87' lang='lat' dir='ltr'>Accedit,</span> <span class='ocrx_word' id='word_1_109' title='bbox 909 847 1003 893; x_wconf 91' lang='lat' dir='ltr'>quod</span> <span class='ocrx_word' id='word_1_110' title='bbox 1029 849 1253 896; x_wconf 79' lang='lat' dir='ltr'>providentia</span> 
     </span>
     <span class='ocr_line' id='line_1_22' title="bbox 291 895 1254 946; baseline 0.002 -14"><span class='ocrx_word' id='word_1_111' title='bbox 291 910 359 934; x_wconf 89' lang='lat' dir='ltr'>non</span> <span class='ocrx_word' id='word_1_112' title='bbox 373 895 523 930; x_wconf 87' lang='lat' dir='ltr'>involvit</span> <span class='ocrx_word' id='word_1_113' title='bbox 536 901 569 933; x_wconf 92' lang='lat' dir='ltr'>in</span> <span class='ocrx_word' id='word_1_114' title='bbox 584 898 639 933; x_wconf 88' lang='lat' dir='ltr'>sua</span> <span class='ocrx_word' id='word_1_115' title='bbox 654 900 793 934; x_wconf 89' lang='lat' dir='ltr'>ratione</span> <span class='ocrx_word' id='word_1_116' title='bbox 811 896 977 932; x_wconf 76' lang='lat' dir='ltr'>essentiali</span> <span class='ocrx_word' id='word_1_117' title='bbox 1001 897 1078 933; x_wconf 83' lang='lat' dir='ltr'>finis</span> <span class='ocrx_word' id='word_1_118' title='bbox 1094 898 1254 946; x_wconf 76' lang='lat' dir='ltr'>assequu-</span> 
     </span>
    </p>
   </div>
   <div class='ocr_carea' id='block_1_7' title="bbox 291 947 1256 1033">
    <p class='ocr_par' dir='ltr' id='par_1_7' title="bbox 291 947 1256 1033">
     <span class='ocr_line' id='line_1_23' title="bbox 292 947 1256 995; baseline 0.002 -12"><span class='ocrx_word' id='word_1_119' title='bbox 292 951 423 983; x_wconf 75' lang='lat' dir='ltr'>tionem</span> <span class='ocrx_word' id='word_1_120' title='bbox 440 971 451 987; x_wconf 91' lang='lat'>‚</span> <span class='ocrx_word' id='word_1_121' title='bbox 479 954 520 980; x_wconf 91' lang='lat' dir='ltr'>ut</span> <span class='ocrx_word' id='word_1_122' title='bbox 532 948 768 984; x_wconf 82' lang='lat' dir='ltr'>declarabitur</span> <span class='ocrx_word' id='word_1_123' title='bbox 780 947 870 983; x_wconf 84' lang='lat' dir='ltr'>infra</span> <span class='ocrx_word' id='word_1_124' title='bbox 888 948 1041 984; x_wconf 81' lang='lat' dir='ltr'>articulo</span> <span class='ocrx_word' id='word_1_125' title='bbox 1057 959 1091 995; x_wconf 75' lang='lat'>4.</span> <span class='ocrx_word' id='word_1_126' title='bbox 1108 952 1147 985; x_wconf 81' lang='lat' dir='ltr'>in</span> <span class='ocrx_word' id='word_1_127' title='bbox 1163 952 1256 995; x_wconf 51' lang='lat' dir='ltr'>inciq</span> 
     </span>
     <span class='ocr_line' id='line_1_24' title="bbox 291 999 420 1033; baseline 0 -1"><span class='ocrx_word' id='word_1_128' title='bbox 291 999 394 1033; x_wconf 77' lang='lat' dir='ltr'>denti</span> <span class='ocrx_word' id='word_1_129' title='bbox 410 1023 420 1032; x_wconf 84' lang='lat'>.</span> 
     </span>
    </p>
   </div>
   <div class='ocr_carea' id='block_1_8' title="bbox 457 1096 1094 1137">
    <p class='ocr_par' dir='ltr' id='par_1_8' title="bbox 457 1096 1094 1137">
     <span class='ocr_line' id='line_1_25' title="bbox 457 1096 1094 1137; baseline 0.005 -3"><span class='ocrx_word' id='word_1_130' title='bbox 457 1096 978 1135; x_wconf 82' lang='lat' dir='ltr'><strong>ARTICULUS</strong></span> <span class='ocrx_word' id='word_1_131' title='bbox 1030 1099 1094 1137; x_wconf 84' lang='lat'>11.</span> 
     </span>
    </p>
   </div>
   <div class='ocr_carea' id='block_1_9' title="bbox 343 1197 1209 1498">
    <p class='ocr_par' dir='ltr' id='par_1_9' title="bbox 343 1197 1209 1498">
     <span class='ocr_line' id='line_1_26' title="bbox 442 1197 1106 1245; baseline 0 -11"><span class='ocrx_word' id='word_1_132' title='bbox 442 1198 578 1234; x_wconf 75' lang='lat' dir='ltr'>Utrum</span> <span class='ocrx_word' id='word_1_133' title='bbox 594 1202 714 1235; x_wconf 86' lang='lat' dir='ltr'>omnia</span> <span class='ocrx_word' id='word_1_134' title='bbox 727 1197 790 1234; x_wconf 82' lang='lat' dir='ltr'>sint</span> <span class='ocrx_word' id='word_1_135' title='bbox 809 1198 964 1245; x_wconf 70' lang='lat' dir='ltr'>subjet&#39;sta</span> <span class='ocrx_word' id='word_1_136' title='bbox 976 1200 1106 1235; x_wconf 83' lang='lat' dir='ltr'>divinae</span> 
     </span>
     <span class='ocr_line' id='line_1_27' title="bbox 643 1249 902 1300; baseline 0 -16"><span class='ocrx_word' id='word_1_137' title='bbox 643 1249 880 1300; x_wconf 82' lang='lat' dir='ltr'>providentiae</span> <span class='ocrx_word' id='word_1_138' title='bbox 894 1275 902 1284; x_wconf 92' lang='lat'>.</span> 
     </span>
     <span class='ocr_line' id='line_1_28' title="bbox 414 1306 468 1323; baseline 0.037 -2"><span class='ocrx_word' id='word_1_139' title='bbox 414 1306 468 1323; x_wconf 56' lang='grc' dir='ltr'>π’..</span> 
     </span>
     <span class='ocr_line' id='line_1_29' title="bbox 343 1347 1209 1396; baseline 0 -12"><span class='ocrx_word' id='word_1_140' title='bbox 343 1347 473 1386; x_wconf 71' lang='grc' dir='ltr'>1)οῆον</span> <span class='ocrx_word' id='word_1_141' title='bbox 489 1358 514 1383; x_wconf 85' lang='grc' dir='ltr'>ι.</span> <span class='ocrx_word' id='word_1_142' title='bbox 533 1347 965 1395; x_wconf 67' lang='lat' dir='ltr'>Report.dzst.35.q.i.art.</span> <span class='ocrx_word' id='word_1_143' title='bbox 985 1359 1012 1384; x_wconf 84' lang='lat' dir='ltr'>r.</span> <span class='ocrx_word' id='word_1_144' title='bbox 1029 1348 1209 1396; x_wconf 75' lang='lat' dir='ltr'>4.d:st.46.</span> 
     </span>
     <span class='ocr_line' id='line_1_30' title="bbox 393 1396 1160 1447; baseline 0.001 -15"><span class='ocrx_word' id='word_1_145' title='bbox 393 1396 496 1447; x_wconf 34' lang='grc' dir='ltr'>(μή.</span> <span class='ocrx_word' id='word_1_146' title='bbox 511 1398 660 1433; x_wconf 85' lang='lat' dir='ltr'>Contra.</span> <span class='ocrx_word' id='word_1_147' title='bbox 679 1398 798 1434; x_wconf 76' lang='lat' dir='ltr'>Addit.</span> <span class='ocrx_word' id='word_1_148' title='bbox 817 1399 866 1434; x_wconf 77' lang='lat' dir='ltr'>Et</span> <span class='ocrx_word' id='word_1_149' title='bbox 892 1409 943 1434; x_wconf 85' lang='lat'>12.</span> <span class='ocrx_word' id='word_1_150' title='bbox 957 1399 1160 1446; x_wconf 59' lang='lat' dir='ltr'>Meffaphys:</span> 
     </span>
     <span class='ocr_line' id='line_1_31' title="bbox 428 1447 1111 1498; baseline 0.004 -16"><span class='ocrx_word' id='word_1_151' title='bbox 428 1447 584 1496; x_wconf 65' lang='lat' dir='ltr'>qq.27.&amp;</span> <span class='ocrx_word' id='word_1_152' title='bbox 604 1448 1111 1498; x_wconf 64' lang='lat' dir='ltr'>28.AETbom.x.p.q.22.art.2.</span> 
     </span>
    </p>
   </div>
   <div class='ocr_carea' id='block_1_10' title="bbox 295 1546 1285 3838">
    <p class='ocr_par' dir='ltr' id='par_1_10' title="bbox 295 1546 1264 2281">
     <span class='ocr_line' id='line_1_32' title="bbox 390 1546 1258 1596; baseline 0 -13"><span class='ocrx_word' id='word_1_153' title='bbox 390 1550 397 1555; x_wconf 83' lang='lat'>&#39;</span> <span class='ocrx_word' id='word_1_154' title='bbox 414 1546 665 1584; x_wconf 79' lang='lat' dir='ltr'>IDENTUR</span> <span class='ocrx_word' id='word_1_155' title='bbox 679 1559 745 1583; x_wconf 90' lang='lat' dir='ltr'>non</span> <span class='ocrx_word' id='word_1_156' title='bbox 756 1551 875 1582; x_wconf 82' lang='lat' dir='ltr'>omnia</span> <span class='ocrx_word' id='word_1_157' title='bbox 885 1548 1040 1595; x_wconf 68' lang='lat' dir='ltr'>subjeEta</span> <span class='ocrx_word' id='word_1_158' title='bbox 1057 1547 1121 1585; x_wconf 79' lang='lat' dir='ltr'>esse</span> <span class='ocrx_word' id='word_1_159' title='bbox 1136 1547 1258 1596; x_wconf 72' lang='lat' dir='ltr'>divine</span> 
     </span>
     <span class='ocr_line' id='line_1_33' title="bbox 428 1597 1256 1644; baseline 0.001 -13"><span class='ocrx_word' id='word_1_160' title='bbox 428 1597 659 1644; x_wconf 65' lang='lat' dir='ltr'>providentiae</span> <span class='ocrx_word' id='word_1_161' title='bbox 686 1624 695 1632; x_wconf 94' lang='lat'><strong>.</strong></span> <span class='ocrx_word' id='word_1_162' title='bbox 725 1598 820 1632; x_wconf 57' lang='lat' dir='ltr'>Nam</span> <span class='ocrx_word' id='word_1_163' title='bbox 843 1610 872 1631; x_wconf 61' lang='lat' dir='ltr'>‘n</span> <span class='ocrx_word' id='word_1_164' title='bbox 893 1599 1034 1634; x_wconf 84' lang='lat' dir='ltr'>entibus</span> <span class='ocrx_word' id='word_1_165' title='bbox 1070 1599 1256 1643; x_wconf 78' lang='lat' dir='ltr'>complura</span> 
     </span>
     <span class='ocr_line' id='line_1_34' title="bbox 295 1646 1255 1693; baseline 0 -10"><span class='ocrx_word' id='word_1_166' title='bbox 295 1648 465 1688; x_wconf 82' lang='lat' dir='ltr'>fortuito,</span> <span class='ocrx_word' id='word_1_167' title='bbox 497 1647 530 1682; x_wconf 89' lang='grc'>8(</span> <span class='ocrx_word' id='word_1_168' title='bbox 545 1646 624 1681; x_wconf 88' lang='lat' dir='ltr'>casu</span> <span class='ocrx_word' id='word_1_169' title='bbox 642 1652 785 1682; x_wconf 80' lang='lat' dir='ltr'>evenire</span> <span class='ocrx_word' id='word_1_170' title='bbox 800 1646 931 1683; x_wconf 86' lang='lat' dir='ltr'>constat</span> <span class='ocrx_word' id='word_1_171' title='bbox 950 1662 960 1688; x_wconf 75' lang='grc' dir='ltr'><strong>ς</strong></span> <span class='ocrx_word' id='word_1_172' title='bbox 994 1661 1083 1693; x_wconf 77' lang='lat' dir='ltr'>ergo</span> <span class='ocrx_word' id='word_1_173' title='bbox 1102 1661 1167 1683; x_wconf 88' lang='lat' dir='ltr'>non</span> <span class='ocrx_word' id='word_1_174' title='bbox 1182 1660 1255 1683; x_wconf 90' lang='lat' dir='ltr'>om-</span> 
     </span>
     <span class='ocr_line' id='line_1_35' title="bbox 295 1697 1259 1743; baseline -0.002 -9"><span class='ocrx_word' id='word_1_175' title='bbox 295 1702 353 1735; x_wconf 91' lang='lat' dir='ltr'>nia</span> <span class='ocrx_word' id='word_1_176' title='bbox 368 1697 595 1732; x_wconf 87' lang='lat' dir='ltr'>subiiciuntur</span> <span class='ocrx_word' id='word_1_177' title='bbox 610 1723 621 1739; x_wconf 80' lang='lat'>‚</span> <span class='ocrx_word' id='word_1_178' title='bbox 649 1697 682 1731; x_wconf 84' lang='grc'>8(</span> <span class='ocrx_word' id='word_1_179' title='bbox 708 1708 879 1741; x_wconf 83' lang='lat' dir='ltr'>reguntur</span> <span class='ocrx_word' id='word_1_180' title='bbox 908 1698 1133 1743; x_wconf 85' lang='lat' dir='ltr'>providentia</span> <span class='ocrx_word' id='word_1_181' title='bbox 1155 1725 1164 1733; x_wconf 89' lang='lat'><strong>.</strong></span> <span class='ocrx_word' id='word_1_182' title='bbox 1198 1697 1259 1733; x_wconf 80' lang='lat' dir='ltr'>As-</span> 
     </span>
     <span class='ocr_line' id='line_1_36' title="bbox 297 1746 1256 1794; baseline 0 -13"><span class='ocrx_word' id='word_1_183' title='bbox 297 1749 473 1794; x_wconf 82' lang='lat' dir='ltr'>sumptum</span> <span class='ocrx_word' id='word_1_184' title='bbox 499 1746 673 1792; x_wconf 82' lang='lat' dir='ltr'>probatur</span> <span class='ocrx_word' id='word_1_185' title='bbox 683 1757 729 1780; x_wconf 81' lang='lat' dir='ltr'>ex</span> <span class='ocrx_word' id='word_1_186' title='bbox 745 1751 926 1781; x_wconf 81' lang='lat' dir='ltr'>communi</span> <span class='ocrx_word' id='word_1_187' title='bbox 953 1753 1110 1783; x_wconf 87' lang='lat' dir='ltr'>omnium</span> <span class='ocrx_word' id='word_1_188' title='bbox 1136 1748 1225 1782; x_wconf 82' lang='lat' dir='ltr'>sensu</span> <span class='ocrx_word' id='word_1_189' title='bbox 1246 1758 1256 1781; x_wconf 78' lang='grc' dir='ltr'><em>τ</em></span> 
     </span>
     <span class='ocr_line' id='line_1_37' title="bbox 296 1794 1259 1845; baseline -0.003 -11"><span class='ocrx_word' id='word_1_190' title='bbox 296 1798 377 1834; x_wconf 78' lang='lat' dir='ltr'>cum</span> <span class='ocrx_word' id='word_1_191' title='bbox 394 1800 487 1832; x_wconf 85' lang='lat' dir='ltr'>enim</span> <span class='ocrx_word' id='word_1_192' title='bbox 515 1800 628 1842; x_wconf 81' lang='lat' dir='ltr'>agenti</span> <span class='ocrx_word' id='word_1_193' title='bbox 645 1794 662 1831; x_wconf 77' lang='grc' dir='ltr'>ἐι</span> <span class='ocrx_word' id='word_1_194' title='bbox 678 1795 855 1841; x_wconf 81' lang='lat' dir='ltr'>proposito</span> <span class='ocrx_word' id='word_1_195' title='bbox 873 1802 996 1833; x_wconf 88' lang='lat' dir='ltr'>evenit</span> <span class='ocrx_word' id='word_1_196' title='bbox 1027 1797 1155 1845; x_wconf 88' lang='lat' dir='ltr'>aliquid</span> <span class='ocrx_word' id='word_1_197' title='bbox 1175 1808 1259 1843; x_wconf 87' lang='lat' dir='ltr'>prae-</span> 
     </span>
     <span class='ocr_line' id='line_1_38' title="bbox 296 1845 1258 1889; baseline -0.002 -5"><span class='ocrx_word' id='word_1_198' title='bbox 296 1857 353 1884; x_wconf 86' lang='lat' dir='ltr'>ter</span> <span class='ocrx_word' id='word_1_199' title='bbox 368 1848 606 1881; x_wconf 83' lang='lat' dir='ltr'>intentionem</span> <span class='ocrx_word' id='word_1_200' title='bbox 623 1871 634 1887; x_wconf 88' lang='lat'><strong>‚</strong></span> <span class='ocrx_word' id='word_1_201' title='bbox 664 1845 749 1880; x_wconf 89' lang='lat' dir='ltr'>illud</span> <span class='ocrx_word' id='word_1_202' title='bbox 765 1845 895 1880; x_wconf 89' lang='lat' dir='ltr'>dicitur</span> <span class='ocrx_word' id='word_1_203' title='bbox 908 1845 1054 1883; x_wconf 84' lang='lat' dir='ltr'>fortuito</span> <span class='ocrx_word' id='word_1_204' title='bbox 1072 1848 1231 1882; x_wconf 85' lang='lat' dir='ltr'>accidere</span> <span class='ocrx_word' id='word_1_205' title='bbox 1247 1873 1258 1889; x_wconf 91' lang='lat'>‚</span> 
     </span>
     <span class='ocr_line' id='line_1_39' title="bbox 298 1893 1260 1934; baseline -0.002 -1"><span class='ocrx_word' id='word_1_206' title='bbox 298 1897 372 1934; x_wconf 80' lang='lat' dir='ltr'>five</span> <span class='ocrx_word' id='word_1_207' title='bbox 386 1894 534 1932; x_wconf 74' lang='lat' dir='ltr'>evenisse</span> <span class='ocrx_word' id='word_1_208' title='bbox 551 1893 698 1930; x_wconf 67' lang='lat' dir='ltr'>effeetus</span> <span class='ocrx_word' id='word_1_209' title='bbox 714 1896 884 1931; x_wconf 84' lang='lat' dir='ltr'>fortuitus</span> <span class='ocrx_word' id='word_1_210' title='bbox 909 1909 918 1931; x_wconf 91' lang='lat'>:</span> <span class='ocrx_word' id='word_1_211' title='bbox 951 1900 1061 1932; x_wconf 85' lang='lat' dir='ltr'>multa</span> <span class='ocrx_word' id='word_1_212' title='bbox 1088 1909 1207 1933; x_wconf 83' lang='lat' dir='ltr'>autem</span> <span class='ocrx_word' id='word_1_213' title='bbox 1226 1896 1260 1931; x_wconf 87' lang='lat'>&amp;</span> 
     </span>
     <span class='ocr_line' id='line_1_40' title="bbox 297 1944 1260 1994; baseline -0.001 -11"><span class='ocrx_word' id='word_1_214' title='bbox 297 1946 385 1983; x_wconf 73' lang='lat' dir='ltr'>bene</span> <span class='ocrx_word' id='word_1_215' title='bbox 402 1945 456 1987; x_wconf 73' lang='lat' dir='ltr'>‚St</span> <span class='ocrx_word' id='word_1_216' title='bbox 475 1944 561 1981; x_wconf 76' lang='lat' dir='ltr'>male</span> <span class='ocrx_word' id='word_1_217' title='bbox 575 1944 738 1990; x_wconf 64' lang='lat' dir='ltr'>ejusmodi</span> <span class='ocrx_word' id='word_1_218' title='bbox 757 1948 929 1981; x_wconf 87' lang='lat' dir='ltr'>eveniunt</span> <span class='ocrx_word' id='word_1_219' title='bbox 949 1960 960 1990; x_wconf 79' lang='lat'>3</span> <span class='ocrx_word' id='word_1_220' title='bbox 987 1957 1107 1994; x_wconf 81' lang='lat' dir='ltr'>regnat</span> <span class='ocrx_word' id='word_1_221' title='bbox 1125 1959 1212 1993; x_wconf 87' lang='lat' dir='ltr'>ergo</span> <span class='ocrx_word' id='word_1_222' title='bbox 1226 1951 1260 1982; x_wconf 90' lang='lat' dir='ltr'>in</span> 
     </span>
     <span class='ocr_line' id='line_1_41' title="bbox 298 1994 1262 2044; baseline 0 -14"><span class='ocrx_word' id='word_1_223' title='bbox 298 1995 541 2043; x_wconf 82' lang='lat' dir='ltr'>compluribus</span> <span class='ocrx_word' id='word_1_224' title='bbox 553 1994 731 2030; x_wconf 65' lang='lat' dir='ltr'>effeetibus</span> <span class='ocrx_word' id='word_1_225' title='bbox 747 1997 926 2042; x_wconf 80' lang='lat' dir='ltr'>agentium</span> <span class='ocrx_word' id='word_1_226' title='bbox 955 1997 974 2033; x_wconf 71' lang='grc' dir='ltr'>ὲ</span> <span class='ocrx_word' id='word_1_227' title='bbox 1001 1995 1180 2044; x_wconf 69' lang='lat' dir='ltr'>propofiro</span> <span class='ocrx_word' id='word_1_228' title='bbox 1193 1996 1262 2032; x_wconf 92' lang='lat' dir='ltr'>for-</span> 
     </span>
     <span class='ocr_line' id='line_1_42' title="bbox 297 2043 1261 2093; baseline -0.001 -11"><span class='ocrx_word' id='word_1_229' title='bbox 297 2044 386 2082; x_wconf 70' lang='lat' dir='ltr'>tuna</span> <span class='ocrx_word' id='word_1_230' title='bbox 404 2057 413 2078; x_wconf 90' lang='lat'>:</span> <span class='ocrx_word' id='word_1_231' title='bbox 430 2043 485 2079; x_wconf 91' lang='lat' dir='ltr'>sed</span> <span class='ocrx_word' id='word_1_232' title='bbox 500 2045 564 2079; x_wconf 90' lang='lat' dir='ltr'>boc</span> <span class='ocrx_word' id='word_1_233' title='bbox 578 2044 650 2091; x_wconf 89' lang='lat' dir='ltr'>ipso</span> <span class='ocrx_word' id='word_1_234' title='bbox 662 2046 706 2080; x_wconf 90' lang='lat' dir='ltr'>ab</span> <span class='ocrx_word' id='word_1_235' title='bbox 724 2045 777 2079; x_wconf 85' lang='lat' dir='ltr'>his</span> <span class='ocrx_word' id='word_1_236' title='bbox 791 2046 995 2082; x_wconf 85' lang='lat' dir='ltr'>excluditur</span> <span class='ocrx_word' id='word_1_237' title='bbox 1009 2048 1234 2093; x_wconf 86' lang='lat' dir='ltr'>providentia</span> <span class='ocrx_word' id='word_1_238' title='bbox 1250 2059 1261 2089; x_wconf 84' lang='lat'>3</span> 
     </span>
     <span class='ocr_line' id='line_1_43' title="bbox 298 2094 1260 2143; baseline 0 -12"><span class='ocrx_word' id='word_1_239' title='bbox 298 2096 381 2131; x_wconf 79' lang='lat' dir='ltr'>huic</span> <span class='ocrx_word' id='word_1_240' title='bbox 392 2098 485 2130; x_wconf 88' lang='lat' dir='ltr'>enim</span> <span class='ocrx_word' id='word_1_241' title='bbox 499 2094 726 2129; x_wconf 80' lang='lat' dir='ltr'>nih³laccidit</span> <span class='ocrx_word' id='word_1_242' title='bbox 745 2104 866 2141; x_wconf 86' lang='lat' dir='ltr'>praeter</span> <span class='ocrx_word' id='word_1_243' title='bbox 891 2100 1144 2139; x_wconf 79' lang='lat' dir='ltr'>intentionem3</span> <span class='ocrx_word' id='word_1_244' title='bbox 1172 2109 1260 2143; x_wconf 81' lang='lat' dir='ltr'>ergo</span> 
     </span>
     <span class='ocr_line' id='line_1_44' title="bbox 299 2142 1261 2193; baseline 0.001 -13"><span class='ocrx_word' id='word_1_245' title='bbox 299 2146 382 2180; x_wconf 75' lang='lat' dir='ltr'>cum</span> <span class='ocrx_word' id='word_1_246' title='bbox 394 2143 526 2190; x_wconf 85' lang='lat' dir='ltr'>aliquid</span> <span class='ocrx_word' id='word_1_247' title='bbox 539 2142 576 2179; x_wconf 81' lang='lat' dir='ltr'>fit</span> <span class='ocrx_word' id='word_1_248' title='bbox 590 2156 657 2179; x_wconf 91' lang='lat' dir='ltr'>non</span> <span class='ocrx_word' id='word_1_249' title='bbox 669 2145 847 2191; x_wconf 83' lang='lat' dir='ltr'>provisum</span> <span class='ocrx_word' id='word_1_250' title='bbox 860 2171 873 2187; x_wconf 85' lang='lat'>‚</span> <span class='ocrx_word' id='word_1_251' title='bbox 900 2157 960 2182; x_wconf 85' lang='lat' dir='ltr'>aut</span> <span class='ocrx_word' id='word_1_252' title='bbox 975 2147 1019 2182; x_wconf 89' lang='lat' dir='ltr'>ab</span> <span class='ocrx_word' id='word_1_253' title='bbox 1047 2155 1171 2193; x_wconf 74' lang='lat' dir='ltr'>agente</span> <span class='ocrx_word' id='word_1_254' title='bbox 1192 2158 1261 2181; x_wconf 87' lang='lat' dir='ltr'>non</span> 
     </span>
     <span class='ocr_line' id='line_1_45' title="bbox 300 2194 1264 2245; baseline 0.002 -15"><span class='ocrx_word' id='word_1_255' title='bbox 300 2197 474 2231; x_wconf 88' lang='lat' dir='ltr'>intentum</span> <span class='ocrx_word' id='word_1_256' title='bbox 485 2220 495 2236; x_wconf 92' lang='lat'>,</span> <span class='ocrx_word' id='word_1_257' title='bbox 519 2203 646 2240; x_wconf 80' lang='lat' dir='ltr'>praeter</span> <span class='ocrx_word' id='word_1_258' title='bbox 657 2194 889 2240; x_wconf 76' lang='lat' dir='ltr'>providentiae</span> <span class='ocrx_word' id='word_1_259' title='bbox 916 2201 1091 2233; x_wconf 86' lang='lat' dir='ltr'>rationem</span> <span class='ocrx_word' id='word_1_260' title='bbox 1118 2206 1264 2245; x_wconf 85' lang='lat' dir='ltr'>oportet</span> 
     </span>
     <span class='ocr_line' id='line_1_46' title="bbox 301 2243 526 2281; baseline 0 0"><span class='ocrx_word' id='word_1_261' title='bbox 301 2254 341 2281; x_wconf 86' lang='lat' dir='ltr'>ut</span> <span class='ocrx_word' id='word_1_262' title='bbox 355 2243 445 2279; x_wconf 76' lang='lat' dir='ltr'>fiat.-</span> <span class='ocrx_word' id='word_1_263' title='bbox 461 2255 501 2281; x_wconf 59' lang='grc' dir='ltr'><strong>ο</strong></span> <span class='ocrx_word' id='word_1_264' title='bbox 516 2266 526 2273; x_wconf 92' lang='grc'>-</span> 
     </span>
    </p>

    <p class='ocr_par' dir='ltr' id='par_1_11' title="bbox 300 2292 1268 2730">
     <span class='ocr_line' id='line_1_47' title="bbox 351 2292 1266 2344; baseline 0.003 -16"><span class='ocrx_word' id='word_1_265' title='bbox 351 2295 522 2329; x_wconf 82' lang='lat' dir='ltr'>Praeterea</span> <span class='ocrx_word' id='word_1_266' title='bbox 538 2319 549 2335; x_wconf 90' lang='lat'>,</span> <span class='ocrx_word' id='word_1_267' title='bbox 571 2292 608 2328; x_wconf 88' lang='lat' dir='ltr'>Si</span> <span class='ocrx_word' id='word_1_268' title='bbox 621 2298 740 2330; x_wconf 84' lang='lat' dir='ltr'>omnia</span> <span class='ocrx_word' id='word_1_269' title='bbox 753 2303 923 2340; x_wconf 86' lang='lat' dir='ltr'>reguntur</span> <span class='ocrx_word' id='word_1_270' title='bbox 935 2295 1059 2332; x_wconf 69' lang='lat' dir='ltr'>divina</span> <span class='ocrx_word' id='word_1_271' title='bbox 1074 2295 1266 2344; x_wconf 88' lang='lat' dir='ltr'>providen-</span> 
     </span>
     <span class='ocr_line' id='line_1_48' title="bbox 302 2343 1263 2390; baseline 0 -10"><span class='ocrx_word' id='word_1_272' title='bbox 302 2349 354 2380; x_wconf 79' lang='lat' dir='ltr'>tia</span> <span class='ocrx_word' id='word_1_273' title='bbox 367 2343 552 2385; x_wconf 82' lang='lat' dir='ltr'>,omnibus</span> <span class='ocrx_word' id='word_1_274' title='bbox 563 2343 822 2390; x_wconf 70' lang='lat' dir='ltr'>prospiceretur</span> <span class='ocrx_word' id='word_1_275' title='bbox 838 2370 848 2386; x_wconf 92' lang='lat'>‚</span> <span class='ocrx_word' id='word_1_276' title='bbox 874 2355 913 2380; x_wconf 88' lang='lat' dir='ltr'>ut</span> <span class='ocrx_word' id='word_1_277' title='bbox 928 2345 1126 2389; x_wconf 83' lang='lat' dir='ltr'>consulere,</span> <span class='ocrx_word' id='word_1_278' title='bbox 1158 2346 1192 2380; x_wconf 92' lang='grc'>8(</span> <span class='ocrx_word' id='word_1_279' title='bbox 1208 2357 1263 2380; x_wconf 90' lang='lat' dir='ltr'>re-</span> 
     </span>
     <span class='ocr_line' id='line_1_49' title="bbox 302 2392 1266 2441; baseline 0.001 -12"><span class='ocrx_word' id='word_1_280' title='bbox 302 2406 388 2441; x_wconf 84' lang='lat' dir='ltr'>gere</span> <span class='ocrx_word' id='word_1_281' title='bbox 404 2392 509 2428; x_wconf 88' lang='lat' dir='ltr'>decet</span> <span class='ocrx_word' id='word_1_282' title='bbox 522 2393 738 2438; x_wconf 86' lang='lat' dir='ltr'>provisorem</span> <span class='ocrx_word' id='word_1_283' title='bbox 756 2397 902 2429; x_wconf 84' lang='lat' dir='ltr'>virtutis</span> <span class='ocrx_word' id='word_1_284' title='bbox 916 2394 1054 2432; x_wconf 80' lang='lat' dir='ltr'>infinitae</span> <span class='ocrx_word' id='word_1_285' title='bbox 1074 2410 1084 2439; x_wconf 83' lang='lat'>3</span> <span class='ocrx_word' id='word_1_286' title='bbox 1115 2395 1172 2430; x_wconf 87' lang='lat' dir='ltr'>sed</span> <span class='ocrx_word' id='word_1_287' title='bbox 1191 2407 1266 2430; x_wconf 86' lang='lat' dir='ltr'>ma-</span> 
     </span>
     <span class='ocr_line' id='line_1_50' title="bbox 305 2443 1267 2493; baseline 0 -14"><span class='ocrx_word' id='word_1_288' title='bbox 305 2444 401 2479; x_wconf 76' lang='lat' dir='ltr'>xime</span> <span class='ocrx_word' id='word_1_289' title='bbox 415 2443 581 2477; x_wconf 89' lang='lat' dir='ltr'>convenit</span> <span class='ocrx_word' id='word_1_290' title='bbox 593 2470 604 2485; x_wconf 91' lang='lat'>,</span> <span class='ocrx_word' id='word_1_291' title='bbox 617 2443 708 2478; x_wconf 79' lang='lat' dir='ltr'>hunc</span> <span class='ocrx_word' id='word_1_292' title='bbox 723 2451 843 2479; x_wconf 82' lang='lat' dir='ltr'>arcere</span> <span class='ocrx_word' id='word_1_293' title='bbox 862 2443 879 2478; x_wconf 76' lang='lat' dir='ltr'>a</span> <span class='ocrx_word' id='word_1_294' title='bbox 894 2445 999 2480; x_wconf 87' lang='lat' dir='ltr'>rebus</span> <span class='ocrx_word' id='word_1_295' title='bbox 1012 2472 1022 2487; x_wconf 88' lang='lat'>‚</span> <span class='ocrx_word' id='word_1_296' title='bbox 1034 2456 1186 2493; x_wconf 83' lang='lat' dir='ltr'>quarum</span> <span class='ocrx_word' id='word_1_297' title='bbox 1203 2457 1267 2479; x_wconf 87' lang='lat' dir='ltr'>cu·</span> 
     </span>
     <span class='ocr_line' id='line_1_51' title="bbox 306 2491 1268 2539; baseline -0.002 -9"><span class='ocrx_word' id='word_1_298' title='bbox 306 2506 382 2530; x_wconf 80' lang='lat' dir='ltr'>ram</span> <span class='ocrx_word' id='word_1_299' title='bbox 395 2496 502 2539; x_wconf 78' lang='lat' dir='ltr'>gerit,</span> <span class='ocrx_word' id='word_1_300' title='bbox 518 2491 648 2528; x_wconf 81' lang='lat' dir='ltr'>malum</span> <span class='ocrx_word' id='word_1_301' title='bbox 662 2505 779 2535; x_wconf 90' lang='lat' dir='ltr'>omne,</span> <span class='ocrx_word' id='word_1_302' title='bbox 795 2493 828 2527; x_wconf 86' lang='grc'>8(</span> <span class='ocrx_word' id='word_1_303' title='bbox 843 2496 1017 2529; x_wconf 85' lang='lat' dir='ltr'>malitiam</span> <span class='ocrx_word' id='word_1_304' title='bbox 1030 2507 1171 2532; x_wconf 83' lang='lat' dir='ltr'>omnem</span> <span class='ocrx_word' id='word_1_305' title='bbox 1186 2507 1196 2535; x_wconf 84' lang='lat'>3</span> <span class='ocrx_word' id='word_1_306' title='bbox 1211 2505 1268 2529; x_wconf 88' lang='lat' dir='ltr'>er-</span> 
     </span>
     <span class='ocr_line' id='line_1_52' title="bbox 302 2541 1267 2591; baseline -0.001 -12"><span class='ocrx_word' id='word_1_307' title='bbox 302 2556 350 2591; x_wconf 86' lang='lat' dir='ltr'>go</span> <span class='ocrx_word' id='word_1_308' title='bbox 362 2545 441 2577; x_wconf 78' lang='lat' dir='ltr'>cum</span> <span class='ocrx_word' id='word_1_309' title='bbox 457 2543 555 2578; x_wconf 84' lang='lat' dir='ltr'>multi</span> <span class='ocrx_word' id='word_1_310' title='bbox 575 2541 638 2577; x_wconf 88' lang='lat' dir='ltr'>fint</span> <span class='ocrx_word' id='word_1_311' title='bbox 656 2546 690 2577; x_wconf 88' lang='lat' dir='ltr'>in</span> <span class='ocrx_word' id='word_1_312' title='bbox 708 2554 834 2578; x_wconf 88' lang='lat' dir='ltr'>natura</span> <span class='ocrx_word' id='word_1_313' title='bbox 861 2543 1018 2579; x_wconf 63' lang='lat' dir='ltr'>defeetus</span> <span class='ocrx_word' id='word_1_314' title='bbox 1031 2573 1042 2588; x_wconf 86' lang='lat'><em>‚</em></span> <span class='ocrx_word' id='word_1_315' title='bbox 1066 2546 1099 2580; x_wconf 86' lang='grc'>8(</span> <span class='ocrx_word' id='word_1_316' title='bbox 1117 2545 1267 2591; x_wconf 84' lang='lat' dir='ltr'>plurima</span> 
     </span>
     <span class='ocr_line' id='line_1_53' title="bbox 300 2592 1266 2640; baseline -0.001 -12"><span class='ocrx_word' id='word_1_317' title='bbox 300 2593 433 2628; x_wconf 74' lang='lat' dir='ltr'>vmalitia</span> <span class='ocrx_word' id='word_1_318' title='bbox 451 2601 577 2638; x_wconf 85' lang='lat' dir='ltr'>regnet</span> <span class='ocrx_word' id='word_1_319' title='bbox 595 2595 627 2627; x_wconf 90' lang='lat' dir='ltr'>in</span> <span class='ocrx_word' id='word_1_320' title='bbox 644 2593 747 2628; x_wconf 88' lang='lat' dir='ltr'>rebus</span> <span class='ocrx_word' id='word_1_321' title='bbox 761 2592 935 2636; x_wconf 82' lang='lat' dir='ltr'>humanis,</span> <span class='ocrx_word' id='word_1_322' title='bbox 949 2595 1123 2630; x_wconf 87' lang='lat' dir='ltr'>virtutem</span> <span class='ocrx_word' id='word_1_323' title='bbox 1140 2598 1266 2640; x_wconf 89' lang='lat' dir='ltr'>utique</span> 
     </span>
     <span class='ocr_line' id='line_1_54' title="bbox 302 2642 1268 2690; baseline -0.002 -10"><span class='ocrx_word' id='word_1_324' title='bbox 302 2642 500 2680; x_wconf 78' lang='lat' dir='ltr'>excludens</span> <span class='ocrx_word' id='word_1_325' title='bbox 516 2668 527 2684; x_wconf 89' lang='lat'>,</span> <span class='ocrx_word' id='word_1_326' title='bbox 538 2654 606 2677; x_wconf 91' lang='lat' dir='ltr'>non</span> <span class='ocrx_word' id='word_1_327' title='bbox 618 2647 734 2679; x_wconf 87' lang='lat' dir='ltr'>omnia</span> <span class='ocrx_word' id='word_1_328' title='bbox 749 2642 843 2677; x_wconf 88' lang='lat' dir='ltr'>subdi</span> <span class='ocrx_word' id='word_1_329' title='bbox 860 2644 1022 2680; x_wconf 87' lang='lat' dir='ltr'>videntur</span> <span class='ocrx_word' id='word_1_330' title='bbox 1040 2644 1168 2681; x_wconf 83' lang='lat' dir='ltr'>divina:</span> <span class='ocrx_word' id='word_1_331' title='bbox 1184 2655 1268 2690; x_wconf 85' lang='lat' dir='ltr'>pro-</span> 
     </span>
     <span class='ocr_line' id='line_1_55' title="bbox 309 2694 496 2730; baseline -0.021 0"><span class='ocrx_word' id='word_1_332' title='bbox 309 2694 474 2730; x_wconf 71' lang='lat' dir='ltr'>videntia:</span> <span class='ocrx_word' id='word_1_333' title='bbox 486 2718 496 2727; x_wconf 88' lang='lat'><strong>.</strong></span> 
     </span>
    </p>

    <p class='ocr_par' dir='ltr' id='par_1_12' title="bbox 305 2741 1274 3184">
     <span class='ocr_line' id='line_1_56' title="bbox 357 2741 1271 2789; baseline -0.001 -12"><span class='ocrx_word' id='word_1_334' title='bbox 357 2743 530 2778; x_wconf 65' lang='lat' dir='ltr'>Praeterea</span> <span class='ocrx_word' id='word_1_335' title='bbox 543 2768 554 2784; x_wconf 92' lang='lat'>,</span> <span class='ocrx_word' id='word_1_336' title='bbox 584 2741 722 2777; x_wconf 79' lang='lat' dir='ltr'>Malum</span> <span class='ocrx_word' id='word_1_337' title='bbox 737 2754 806 2778; x_wconf 90' lang='lat' dir='ltr'>non</span> <span class='ocrx_word' id='word_1_338' title='bbox 836 2748 975 2789; x_wconf 75' lang='lat' dir='ltr'>regitur</span> <span class='ocrx_word' id='word_1_339' title='bbox 986 2771 996 2786; x_wconf 92' lang='lat'>,</span> <span class='ocrx_word' id='word_1_340' title='bbox 1022 2755 1085 2779; x_wconf 83' lang='lat' dir='ltr'>nec</span> <span class='ocrx_word' id='word_1_341' title='bbox 1114 2742 1271 2778; x_wconf 85' lang='lat' dir='ltr'>subditur</span> 
     </span>
     <span class='ocr_line' id='line_1_57' title="bbox 305 2790 1273 2839; baseline -0.001 -12"><span class='ocrx_word' id='word_1_342' title='bbox 305 2792 434 2828; x_wconf 63' lang='lat' dir='ltr'>divinae</span> <span class='ocrx_word' id='word_1_343' title='bbox 446 2790 704 2838; x_wconf 80' lang='lat' dir='ltr'>providentiae3</span> <span class='ocrx_word' id='word_1_344' title='bbox 727 2805 814 2839; x_wconf 82' lang='lat' dir='ltr'>ergo</span> <span class='ocrx_word' id='word_1_345' title='bbox 833 2794 921 2828; x_wconf 70' lang='lat' dir='ltr'>cuni.</span> <span class='ocrx_word' id='word_1_346' title='bbox 946 2793 1057 2829; x_wconf 88' lang='lat' dir='ltr'>multa</span> <span class='ocrx_word' id='word_1_347' title='bbox 1069 2792 1134 2828; x_wconf 79' lang='lat' dir='ltr'>sint</span> <span class='ocrx_word' id='word_1_348' title='bbox 1159 2793 1273 2833; x_wconf 87' lang='lat' dir='ltr'>mala,</span> 
     </span>
     <span class='ocr_line' id='line_1_58' title="bbox 306 2841 1272 2890; baseline -0.001 -14"><span class='ocrx_word' id='word_1_349' title='bbox 306 2843 378 2877; x_wconf 83' lang='lat' dir='ltr'>haec</span> <span class='ocrx_word' id='word_1_350' title='bbox 389 2844 509 2877; x_wconf 83' lang='lat' dir='ltr'>omnia</span> <span class='ocrx_word' id='word_1_351' title='bbox 520 2841 595 2877; x_wconf 84' lang='lat' dir='ltr'>sunt</span> <span class='ocrx_word' id='word_1_352' title='bbox 607 2851 710 2878; x_wconf 80' lang='lat' dir='ltr'>extra</span> <span class='ocrx_word' id='word_1_353' title='bbox 739 2844 896 2890; x_wconf 85' lang='lat' dir='ltr'>regimen</span> <span class='ocrx_word' id='word_1_354' title='bbox 922 2841 1049 2878; x_wconf 85' lang='lat' dir='ltr'>divinae</span> <span class='ocrx_word' id='word_1_355' title='bbox 1078 2841 1272 2889; x_wconf 84' lang='lat' dir='ltr'>providen-</span> 
     </span>
     <span class='ocr_line' id='line_1_59' title="bbox 307 2889 1274 2940; baseline -0.002 -13"><span class='ocrx_word' id='word_1_356' title='bbox 307 2893 387 2927; x_wconf 85' lang='lat' dir='ltr'>tiae.</span> <span class='ocrx_word' id='word_1_357' title='bbox 418 2890 757 2938; x_wconf 81' lang='lat' dir='ltr'>Probatioaffumpti</span> <span class='ocrx_word' id='word_1_358' title='bbox 776 2907 786 2936; x_wconf 82' lang='lat'>3</span> <span class='ocrx_word' id='word_1_359' title='bbox 817 2892 945 2928; x_wconf 67' lang='lat' dir='ltr'>divinae</span> <span class='ocrx_word' id='word_1_360' title='bbox 972 2893 1212 2940; x_wconf 82' lang='lat' dir='ltr'>providentiae</span> <span class='ocrx_word' id='word_1_361' title='bbox 1225 2889 1274 2925; x_wconf 80' lang='lat' dir='ltr'>est</span> 
     </span>
     <span class='ocr_line' id='line_1_60' title="bbox 308 2941 1274 2990; baseline 0 -14"><span class='ocrx_word' id='word_1_362' title='bbox 308 2944 566 2977; x_wconf 85' lang='lat' dir='ltr'>convenienter</span> <span class='ocrx_word' id='word_1_363' title='bbox 577 2941 744 2977; x_wconf 82' lang='lat' dir='ltr'>ordinare</span> <span class='ocrx_word' id='word_1_364' title='bbox 756 2943 896 2990; x_wconf 89' lang='lat' dir='ltr'>provisa</span> <span class='ocrx_word' id='word_1_365' title='bbox 910 2943 986 2978; x_wconf 77' lang='lat' dir='ltr'>turn</span> <span class='ocrx_word' id='word_1_366' title='bbox 1001 2944 1045 2978; x_wconf 90' lang='lat' dir='ltr'>ad</span> <span class='ocrx_word' id='word_1_367' title='bbox 1066 2942 1183 2984; x_wconf 84' lang='lat' dir='ltr'>finem,</span> <span class='ocrx_word' id='word_1_368' title='bbox 1198 2950 1274 2976; x_wconf 88' lang='lat' dir='ltr'>tum</span> 
     </span>
     <span class='ocr_line' id='line_1_61' title="bbox 311 2990 1272 3028; baseline 0.002 -3"><span class='ocrx_word' id='word_1_369' title='bbox 311 2993 404 3026; x_wconf 85' lang='lat' dir='ltr'>inter</span> <span class='ocrx_word' id='word_1_370' title='bbox 417 2991 468 3024; x_wconf 83' lang='lat' dir='ltr'>se:</span> <span class='ocrx_word' id='word_1_371' title='bbox 499 2990 554 3025; x_wconf 76' lang='lat' dir='ltr'>{ed</span> <span class='ocrx_word' id='word_1_372' title='bbox 569 2991 699 3026; x_wconf 87' lang='lat' dir='ltr'>malum</span> <span class='ocrx_word' id='word_1_373' title='bbox 714 3004 781 3028; x_wconf 91' lang='lat' dir='ltr'>non</span> <span class='ocrx_word' id='word_1_374' title='bbox 798 2993 846 3028; x_wconf 74' lang='lat' dir='ltr'>est</span> <span class='ocrx_word' id='word_1_375' title='bbox 861 2996 1114 3028; x_wconf 83' lang='lat' dir='ltr'>convenienter</span> <span class='ocrx_word' id='word_1_376' title='bbox 1126 2991 1272 3027; x_wconf 88' lang='lat' dir='ltr'>ordina-</span> 
     </span>
     <span class='ocr_line' id='line_1_62' title="bbox 311 3040 1272 3090; baseline 0.001 -16"><span class='ocrx_word' id='word_1_377' title='bbox 311 3040 382 3075; x_wconf 87' lang='lat' dir='ltr'>bile</span> <span class='ocrx_word' id='word_1_378' title='bbox 398 3052 410 3081; x_wconf 68' lang='grc' dir='ltr'><strong><em>ς</em></strong></span> <span class='ocrx_word' id='word_1_379' title='bbox 428 3051 505 3074; x_wconf 86' lang='lat' dir='ltr'>nam</span> <span class='ocrx_word' id='word_1_380' title='bbox 523 3040 602 3075; x_wconf 92' lang='lat' dir='ltr'>ideo</span> <span class='ocrx_word' id='word_1_381' title='bbox 614 3040 664 3075; x_wconf 89' lang='lat' dir='ltr'>est</span> <span class='ocrx_word' id='word_1_382' title='bbox 682 3044 812 3078; x_wconf 82' lang='lat' dir='ltr'>malum</span> <span class='ocrx_word' id='word_1_383' title='bbox 824 3069 834 3084; x_wconf 91' lang='lat'>,</span> <span class='ocrx_word' id='word_1_384' title='bbox 855 3044 937 3090; x_wconf 80' lang='lat' dir='ltr'>quia</span> <span class='ocrx_word' id='word_1_385' title='bbox 950 3042 996 3077; x_wconf 86' lang='lat' dir='ltr'>est</span> <span class='ocrx_word' id='word_1_386' title='bbox 1025 3052 1148 3078; x_wconf 80' lang='lat' dir='ltr'>contra</span> <span class='ocrx_word' id='word_1_387' title='bbox 1173 3041 1272 3090; x_wconf 68' lang='lat' dir='ltr'>ordi-⁴</span> 
     </span>
     <span class='ocr_line' id='line_1_63' title="bbox 311 3090 1273 3139; baseline 0.002 -15"><span class='ocrx_word' id='word_1_388' title='bbox 311 3101 390 3124; x_wconf 90' lang='lat' dir='ltr'>nem</span> <span class='ocrx_word' id='word_1_389' title='bbox 404 3101 413 3130; x_wconf 85' lang='grc'>;</span> <span class='ocrx_word' id='word_1_390' title='bbox 431 3100 518 3133; x_wconf 76' lang='lat' dir='ltr'>ergo</span> <span class='ocrx_word' id='word_1_391' title='bbox 530 3090 618 3124; x_wconf 87' lang='lat' dir='ltr'>mala</span> <span class='ocrx_word' id='word_1_392' title='bbox 630 3102 846 3139; x_wconf 82' lang='lat' dir='ltr'>quaecunque</span> <span class='ocrx_word' id='word_1_393' title='bbox 860 3104 928 3128; x_wconf 88' lang='lat' dir='ltr'>non</span> <span class='ocrx_word' id='word_1_394' title='bbox 941 3092 1073 3129; x_wconf 72' lang='lat' dir='ltr'>cadunt</span> <span class='ocrx_word' id='word_1_395' title='bbox 1090 3092 1149 3128; x_wconf 89' lang='lat' dir='ltr'>sub</span> <span class='ocrx_word' id='word_1_396' title='bbox 1164 3103 1249 3126; x_wconf 83' lang='lat' dir='ltr'>cura</span> <span class='ocrx_word' id='word_1_397' title='bbox 1262 3118 1273 3135; x_wconf 90' lang='lat'>‚</span> 
     </span>
     <span class='ocr_line' id='line_1_64' title="bbox 312 3139 898 3184; baseline 0.005 -10"><span class='ocrx_word' id='word_1_398' title='bbox 312 3139 346 3174; x_wconf 89' lang='lat'>&amp;</span> <span class='ocrx_word' id='word_1_399' title='bbox 358 3139 528 3183; x_wconf 85' lang='lat' dir='ltr'>regimine</span> <span class='ocrx_word' id='word_1_400' title='bbox 544 3139 690 3184; x_wconf 82' lang='lat' dir='ltr'>supremi</span> <span class='ocrx_word' id='word_1_401' title='bbox 708 3141 878 3177; x_wconf 63' lang='lat' dir='ltr'>Reetoris</span> <span class='ocrx_word' id='word_1_402' title='bbox 890 3169 898 3178; x_wconf 89' lang='lat'><strong>.</strong></span> 
     </span>
    </p>

    <p class='ocr_par' dir='ltr' id='par_1_13' title="bbox 310 3188 1285 3838">
     <span class='ocr_line' id='line_1_65' title="bbox 362 3188 1274 3239; baseline 0.005 -18"><span class='ocrx_word' id='word_1_403' title='bbox 362 3188 553 3230; x_wconf 68' lang='lat' dir='ltr'>Praeterea,</span> <span class='ocrx_word' id='word_1_404' title='bbox 565 3189 681 3225; x_wconf 86' lang='lat' dir='ltr'>Bonus</span> <span class='ocrx_word' id='word_1_405' title='bbox 696 3191 855 3239; x_wconf 86' lang='lat' dir='ltr'>provisor</span> <span class='ocrx_word' id='word_1_406' title='bbox 870 3193 1039 3239; x_wconf 83' lang='lat' dir='ltr'>impendit</span> <span class='ocrx_word' id='word_1_407' title='bbox 1053 3193 1171 3235; x_wconf 88' lang='lat' dir='ltr'>rebus,</span> <span class='ocrx_word' id='word_1_408' title='bbox 1183 3203 1274 3239; x_wconf 88' lang='lat' dir='ltr'>qua-</span> 
     </span>
     <span class='ocr_line' id='line_1_66' title="bbox 310 3241 1272 3289; baseline 0.005 -17"><span class='ocrx_word' id='word_1_409' title='bbox 310 3249 391 3272; x_wconf 83' lang='lat' dir='ltr'>rum</span> <span class='ocrx_word' id='word_1_410' title='bbox 404 3249 525 3272; x_wconf 84' lang='lat' dir='ltr'>curam</span> <span class='ocrx_word' id='word_1_411' title='bbox 539 3241 643 3283; x_wconf 85' lang='lat' dir='ltr'>gerit,</span> <span class='ocrx_word' id='word_1_412' title='bbox 655 3241 819 3289; x_wconf 86' lang='lat' dir='ltr'>quicquid</span> <span class='ocrx_word' id='word_1_413' title='bbox 833 3241 882 3277; x_wconf 86' lang='lat' dir='ltr'>est</span> <span class='ocrx_word' id='word_1_414' title='bbox 896 3241 976 3289; x_wconf 73' lang='lat' dir='ltr'>ipsis</span> <span class='ocrx_word' id='word_1_415' title='bbox 993 3241 1272 3282; x_wconf 85' lang='lat' dir='ltr'>conducibilius;</span> 
     </span>
     <span class='ocr_line' id='line_1_67' title="bbox 313 3288 1274 3338; baseline 0.004 -15"><span class='ocrx_word' id='word_1_416' title='bbox 313 3299 401 3334; x_wconf 76' lang='lat' dir='ltr'>ergo</span> <span class='ocrx_word' id='word_1_417' title='bbox 417 3288 527 3322; x_wconf 91' lang='lat' dir='ltr'>multo</span> <span class='ocrx_word' id='word_1_418' title='bbox 557 3289 718 3335; x_wconf 81' lang='lat' dir='ltr'>magisid</span> <span class='ocrx_word' id='word_1_419' title='bbox 747 3290 921 3337; x_wconf 70' lang='lat' dir='ltr'>praestaret</span> <span class='ocrx_word' id='word_1_420' title='bbox 942 3295 1100 3338; x_wconf 72' lang='lat' dir='ltr'>optimus</span> <span class='ocrx_word' id='word_1_421' title='bbox 1116 3318 1127 3334; x_wconf 92' lang='lat'>,</span> <span class='ocrx_word' id='word_1_422' title='bbox 1155 3295 1206 3327; x_wconf 89' lang='lat' dir='ltr'>uti</span> <span class='ocrx_word' id='word_1_423' title='bbox 1225 3290 1274 3327; x_wconf 85' lang='lat' dir='ltr'>est</span> 
     </span>
     <span class='ocr_line' id='line_1_68' title="bbox 313 3336 1274 3388; baseline 0.004 -16"><span class='ocrx_word' id='word_1_424' title='bbox 313 3337 443 3379; x_wconf 82' lang='lat' dir='ltr'>Deus3</span> <span class='ocrx_word' id='word_1_425' title='bbox 470 3336 566 3372; x_wconf 88' lang='lat' dir='ltr'>sedis</span> <span class='ocrx_word' id='word_1_426' title='bbox 579 3343 705 3373; x_wconf 80' lang='lat' dir='ltr'>nonita</span> <span class='ocrx_word' id='word_1_427' title='bbox 721 3339 749 3374; x_wconf 87' lang='lat' dir='ltr'>se</span> <span class='ocrx_word' id='word_1_428' title='bbox 764 3341 868 3377; x_wconf 86' lang='lat' dir='ltr'>habet</span> <span class='ocrx_word' id='word_1_429' title='bbox 881 3343 977 3376; x_wconf 76' lang='lat' dir='ltr'>circa</span> <span class='ocrx_word' id='word_1_430' title='bbox 1005 3345 1125 3376; x_wconf 83' lang='lat' dir='ltr'>omnia</span> <span class='ocrx_word' id='word_1_431' title='bbox 1144 3355 1154 3384; x_wconf 82' lang='lat'>3</span> <span class='ocrx_word' id='word_1_432' title='bbox 1187 3353 1274 3388; x_wconf 83' lang='lat' dir='ltr'>ergo</span> 
     </span>
     <span class='ocr_line' id='line_1_69' title="bbox 313 3388 1276 3438; baseline 0.001 -15"><span class='ocrx_word' id='word_1_433' title='bbox 313 3398 380 3423; x_wconf 86' lang='lat' dir='ltr'>nec</span> <span class='ocrx_word' id='word_1_434' title='bbox 390 3391 546 3421; x_wconf 81' lang='lat' dir='ltr'>omniurn</span> <span class='ocrx_word' id='word_1_435' title='bbox 564 3398 686 3423; x_wconf 89' lang='lat' dir='ltr'>curam</span> <span class='ocrx_word' id='word_1_436' title='bbox 705 3388 809 3425; x_wconf 81' lang='lat' dir='ltr'>habet</span> <span class='ocrx_word' id='word_1_437' title='bbox 825 3402 885 3438; x_wconf 87' lang='lat' dir='ltr'>per</span> <span class='ocrx_word' id='word_1_438' title='bbox 899 3391 1171 3438; x_wconf 77' lang='lat' dir='ltr'>providentiam.</span> <span class='ocrx_word' id='word_1_439' title='bbox 1188 3390 1276 3425; x_wconf 88' lang='lat' dir='ltr'>Pro-</span> 
     </span>
     <span class='ocr_line' id='line_1_70' title="bbox 316 3437 1276 3487; baseline 0.003 -17"><span class='ocrx_word' id='word_1_440' title='bbox 316 3437 414 3471; x_wconf 84' lang='lat' dir='ltr'>batio</span> <span class='ocrx_word' id='word_1_441' title='bbox 427 3438 572 3471; x_wconf 87' lang='lat' dir='ltr'>minoris</span> <span class='ocrx_word' id='word_1_442' title='bbox 588 3451 598 3479; x_wconf 89' lang='lat'>;</span> <span class='ocrx_word' id='word_1_443' title='bbox 628 3438 753 3472; x_wconf 79' lang='lat' dir='ltr'>melius</span> <span class='ocrx_word' id='word_1_444' title='bbox 768 3439 926 3485; x_wconf 67' lang='lat' dir='ltr'>profecto</span> <span class='ocrx_word' id='word_1_445' title='bbox 947 3440 1094 3487; x_wconf 69' lang='lat' dir='ltr'>&amp;longe</span> <span class='ocrx_word' id='word_1_446' title='bbox 1104 3439 1276 3475; x_wconf 89' lang='lat' dir='ltr'>conduci·</span> 
     </span>
     <span class='ocr_line' id='line_1_71' title="bbox 314 3487 1277 3537; baseline 0.004 -17"><span class='ocrx_word' id='word_1_447' title='bbox 314 3487 420 3521; x_wconf 86' lang='lat' dir='ltr'>bilius</span> <span class='ocrx_word' id='word_1_448' title='bbox 450 3487 631 3522; x_wconf 80' lang='lat' dir='ltr'>videretur</span> <span class='ocrx_word' id='word_1_449' title='bbox 646 3487 719 3522; x_wconf 90' lang='lat' dir='ltr'>tolli</span> <span class='ocrx_word' id='word_1_450' title='bbox 732 3489 767 3522; x_wconf 89' lang='lat' dir='ltr'>in</span> <span class='ocrx_word' id='word_1_451' title='bbox 796 3491 958 3525; x_wconf 88' lang='lat' dir='ltr'>universo</span> <span class='ocrx_word' id='word_1_452' title='bbox 975 3491 1065 3525; x_wconf 84' lang='lat' dir='ltr'>mala</span> <span class='ocrx_word' id='word_1_453' title='bbox 1079 3491 1189 3537; x_wconf 80' lang='lat' dir='ltr'>culpae</span> <span class='ocrx_word' id='word_1_454' title='bbox 1201 3517 1211 3532; x_wconf 94' lang='lat'>‚</span> <span class='ocrx_word' id='word_1_455' title='bbox 1240 3489 1277 3524; x_wconf 88' lang='lat'>&amp;</span> 
     </span>
     <span class='ocr_line' id='line_1_72' title="bbox 317 3537 1278 3583; baseline 0.003 -12"><span class='ocrx_word' id='word_1_456' title='bbox 317 3541 395 3571; x_wconf 86' lang='lat' dir='ltr'>vice</span> <span class='ocrx_word' id='word_1_457' title='bbox 412 3549 534 3571; x_wconf 88' lang='lat' dir='ltr'>eorum</span> <span class='ocrx_word' id='word_1_458' title='bbox 550 3543 630 3583; x_wconf 87' lang='lat' dir='ltr'>poni</span> <span class='ocrx_word' id='word_1_459' title='bbox 646 3537 787 3572; x_wconf 86' lang='lat' dir='ltr'>illorum</span> <span class='ocrx_word' id='word_1_460' title='bbox 803 3541 983 3576; x_wconf 83' lang='lat' dir='ltr'>contraria</span> <span class='ocrx_word' id='word_1_461' title='bbox 1002 3551 1011 3573; x_wconf 92' lang='lat'><strong>:</strong></span> <span class='ocrx_word' id='word_1_462' title='bbox 1038 3539 1070 3574; x_wconf 92' lang='lat' dir='ltr'>id</span> <span class='ocrx_word' id='word_1_463' title='bbox 1082 3543 1175 3574; x_wconf 87' lang='lat' dir='ltr'>enim</span> <span class='ocrx_word' id='word_1_464' title='bbox 1206 3550 1278 3574; x_wconf 83' lang='lat' dir='ltr'>me-</span> 
     </span>
     <span class='ocr_line' id='line_1_73' title="bbox 316 3585 1277 3630; baseline 0.002 -10"><span class='ocrx_word' id='word_1_465' title='bbox 316 3586 382 3620; x_wconf 88' lang='lat' dir='ltr'>lius</span> <span class='ocrx_word' id='word_1_466' title='bbox 393 3585 484 3622; x_wconf 85' lang='lat' dir='ltr'>foret</span> <span class='ocrx_word' id='word_1_467' title='bbox 501 3586 734 3623; x_wconf 83' lang='lat' dir='ltr'>habentibus:</span> <span class='ocrx_word' id='word_1_468' title='bbox 749 3587 782 3622; x_wconf 90' lang='grc'>8(</span> <span class='ocrx_word' id='word_1_469' title='bbox 795 3593 900 3624; x_wconf 85' lang='lat' dir='ltr'>etiam</span> <span class='ocrx_word' id='word_1_470' title='bbox 915 3601 957 3625; x_wconf 86' lang='lat' dir='ltr'>ea</span> <span class='ocrx_word' id='word_1_471' title='bbox 974 3590 1047 3624; x_wconf 77' lang='lat' dir='ltr'>iiint</span> <span class='ocrx_word' id='word_1_472' title='bbox 1060 3591 1093 3624; x_wconf 85' lang='lat' dir='ltr'>in</span> <span class='ocrx_word' id='word_1_473' title='bbox 1110 3589 1140 3623; x_wconf 90' lang='lat' dir='ltr'>se</span> <span class='ocrx_word' id='word_1_474' title='bbox 1155 3588 1249 3623; x_wconf 85' lang='lat' dir='ltr'>bona</span> <span class='ocrx_word' id='word_1_475' title='bbox 1265 3613 1277 3630; x_wconf 87' lang='lat'>,</span> 
     </span>
     <span class='ocr_line' id='line_1_74' title="bbox 315 3634 1278 3679; baseline 0.004 -11"><span class='ocrx_word' id='word_1_476' title='bbox 315 3639 366 3670; x_wconf 85' lang='lat' dir='ltr'>uti</span> <span class='ocrx_word' id='word_1_477' title='bbox 379 3634 453 3671; x_wconf 87' lang='lat' dir='ltr'>sunt</span> <span class='ocrx_word' id='word_1_478' title='bbox 465 3637 644 3679; x_wconf 81' lang='lat' dir='ltr'>charitas,</span> <span class='ocrx_word' id='word_1_479' title='bbox 669 3637 703 3672; x_wconf 80' lang='grc'>8(</span> <span class='ocrx_word' id='word_1_480' title='bbox 721 3638 903 3674; x_wconf 85' lang='lat' dir='ltr'>beatitudo</span> <span class='ocrx_word' id='word_1_481' title='bbox 931 3667 940 3676; x_wconf 84' lang='lat'>.</span> <span class='ocrx_word' id='word_1_482' title='bbox 972 3637 1043 3674; x_wconf 82' lang='lat' dir='ltr'>Etsr</span> <span class='ocrx_word' id='word_1_483' title='bbox 1074 3639 1278 3674; x_wconf 90' lang='lat' dir='ltr'>interimlo-</span> 
     </span>
     <span class='ocr_line' id='line_1_75' title="bbox 317 3686 1280 3734; baseline 0.006 -18"><span class='ocrx_word' id='word_1_484' title='bbox 317 3695 398 3718; x_wconf 89' lang='lat' dir='ltr'>cum</span> <span class='ocrx_word' id='word_1_485' title='bbox 412 3696 480 3718; x_wconf 87' lang='lat' dir='ltr'>non</span> <span class='ocrx_word' id='word_1_486' title='bbox 497 3687 641 3723; x_wconf 87' lang='lat' dir='ltr'>haberet</span> <span class='ocrx_word' id='word_1_487' title='bbox 657 3686 795 3734; x_wconf 79' lang='lat' dir='ltr'>justitia</span> <span class='ocrx_word' id='word_1_488' title='bbox 812 3689 1029 3725; x_wconf 79' lang='lat' dir='ltr'>vindicativa</span> <span class='ocrx_word' id='word_1_489' title='bbox 1042 3701 1051 3722; x_wconf 92' lang='lat'><strong>:</strong></span> <span class='ocrx_word' id='word_1_490' title='bbox 1063 3698 1183 3724; x_wconf 83' lang='lat' dir='ltr'>tamen</span> <span class='ocrx_word' id='word_1_491' title='bbox 1193 3691 1280 3727; x_wconf 88' lang='lat' dir='ltr'>emi·-</span> 
     </span>
     <span class='ocr_line' id='line_1_76' title="bbox 313 3735 1285 3786; baseline 0.006 -19"><span class='ocrx_word' id='word_1_492' title='bbox 313 3737 455 3769; x_wconf 83' lang='lat' dir='ltr'>nentior</span> <span class='ocrx_word' id='word_1_493' title='bbox 466 3735 515 3770; x_wconf 88' lang='lat' dir='ltr'>est</span> <span class='ocrx_word' id='word_1_494' title='bbox 529 3736 780 3783; x_wconf 66' lang='lat' dir='ltr'>aetusjustitiae</span> <span class='ocrx_word' id='word_1_495' title='bbox 798 3740 1000 3786; x_wconf 88' lang='lat' dir='ltr'>permittere</span> <span class='ocrx_word' id='word_1_496' title='bbox 1025 3739 1155 3774; x_wconf 90' lang='lat' dir='ltr'>bonum</span> <span class='ocrx_word' id='word_1_497' title='bbox 1181 3739 1285 3774; x_wconf 89' lang='lat' dir='ltr'>meri-</span> 
     </span>
     <span class='ocr_line' id='line_1_77' title="bbox 313 3783 1283 3838; baseline 0.007 -21"><span class='ocrx_word' id='word_1_498' title='bbox 313 3791 402 3834; x_wconf 82' lang='lat' dir='ltr'>tum,</span> <span class='ocrx_word' id='word_1_499' title='bbox 414 3783 519 3831; x_wconf 67' lang='lat' dir='ltr'>quam</span> <span class='ocrx_word' id='word_1_500' title='bbox 533 3791 655 3834; x_wconf 88' lang='lat' dir='ltr'>punire</span> <span class='ocrx_word' id='word_1_501' title='bbox 672 3787 911 3827; x_wconf 85' lang='lat' dir='ltr'>demeritum:</span> <span class='ocrx_word' id='word_1_502' title='bbox 930 3793 1001 3827; x_wconf 88' lang='lat' dir='ltr'>imo</span> <span class='ocrx_word' id='word_1_503' title='bbox 1016 3786 1283 3838; x_wconf 79' lang='lat' dir='ltr'>infimajustitia</span> 
     </span>
    </p>
   </div>
   <div class='ocr_carea' id='block_1_11' title="bbox 2140 182 2277 249">
    <p class='ocr_par' dir='ltr' id='par_1_14' title="bbox 2140 182 2277 249">
     <span class='ocr_line' id='line_1_78' title="bbox 2140 182 2277 249; baseline 0 0"><span class='ocrx_word' id='word_1_504' title='bbox 2140 182 2277 249; x_wconf 84' lang='lat'>277</span> 
     </span>
    </p>
   </div>
   <div class='ocr_carea' id='block_1_12' title="bbox 1321 251 2282 547">
    <p class='ocr_par' dir='ltr' id='par_1_15' title="bbox 1321 251 2279 444">
     <span class='ocr_line' id='line_1_79' title="bbox 1321 251 2279 300; baseline 0.003 -14"><span class='ocrx_word' id='word_1_505' title='bbox 1321 251 1367 286; x_wconf 83' lang='lat' dir='ltr'>cst</span> <span class='ocrx_word' id='word_1_506' title='bbox 1382 251 1590 285; x_wconf 80' lang='lat' dir='ltr'>vindicare:</span> <span class='ocrx_word' id='word_1_507' title='bbox 1622 252 1728 295; x_wconf 84' lang='lat' dir='ltr'>igitur</span> <span class='ocrx_word' id='word_1_508' title='bbox 1746 261 1828 287; x_wconf 91' lang='lat' dir='ltr'>tunc</span> <span class='ocrx_word' id='word_1_509' title='bbox 1844 254 1998 288; x_wconf 81' lang='lat' dir='ltr'>eluceret</span> <span class='ocrx_word' id='word_1_510' title='bbox 2026 251 2279 300; x_wconf 64' lang='lat' dir='ltr'>astusjuititiae</span> 
     </span>
     <span class='ocr_line' id='line_1_80' title="bbox 1321 301 2278 348; baseline 0.002 -12"><span class='ocrx_word' id='word_1_511' title='bbox 1321 303 1567 336; x_wconf 84' lang='lat' dir='ltr'>eminentioris</span> <span class='ocrx_word' id='word_1_512' title='bbox 1584 325 1594 340; x_wconf 90' lang='lat'>‚</span> <span class='ocrx_word' id='word_1_513' title='bbox 1627 311 1667 333; x_wconf 85' lang='lat' dir='ltr'>ac</span> <span class='ocrx_word' id='word_1_514' title='bbox 1681 303 1829 345; x_wconf 75' lang='lat' dir='ltr'>proinde</span> <span class='ocrx_word' id='word_1_515' title='bbox 1854 301 1876 335; x_wconf 86' lang='lat' dir='ltr'><strong>fi</strong></span> <span class='ocrx_word' id='word_1_516' title='bbox 1895 303 1968 338; x_wconf 90' lang='lat' dir='ltr'>Dei</span> <span class='ocrx_word' id='word_1_517' title='bbox 1998 304 2219 348; x_wconf 81' lang='lat' dir='ltr'>providentia</span> <span class='ocrx_word' id='word_1_518' title='bbox 2248 304 2278 338; x_wconf 77' lang='lat' dir='ltr'>ie</span> 
     </span>
     <span class='ocr_line' id='line_1_81' title="bbox 1322 348 2279 391; baseline 0.001 -5"><span class='ocrx_word' id='word_1_519' title='bbox 1322 349 1538 386; x_wconf 75' lang='lat' dir='ltr'>extenderet</span> <span class='ocrx_word' id='word_1_520' title='bbox 1556 348 1600 382; x_wconf 89' lang='lat' dir='ltr'>ad</span> <span class='ocrx_word' id='word_1_521' title='bbox 1615 351 1733 385; x_wconf 92' lang='lat' dir='ltr'>omnia</span> <span class='ocrx_word' id='word_1_522' title='bbox 1747 376 1757 391; x_wconf 92' lang='lat'>‚</span> <span class='ocrx_word' id='word_1_523' title='bbox 1785 355 1818 386; x_wconf 92' lang='lat' dir='ltr'>in</span> <span class='ocrx_word' id='word_1_524' title='bbox 1831 352 1970 386; x_wconf 76' lang='lat' dir='ltr'>entibus</span> <span class='ocrx_word' id='word_1_525' title='bbox 1984 353 2075 388; x_wconf 89' lang='lat' dir='ltr'>nulla</span> <span class='ocrx_word' id='word_1_526' title='bbox 2089 353 2152 388; x_wconf 84' lang='lat' dir='ltr'>effe</span> <span class='ocrx_word' id='word_1_527' title='bbox 2171 353 2279 389; x_wconf 84' lang='lat' dir='ltr'>debe·</span> 
     </span>
     <span class='ocr_line' id='line_1_82' title="bbox 1321 399 1653 444; baseline -0.006 -9"><span class='ocrx_word' id='word_1_528' title='bbox 1321 409 1402 435; x_wconf 83' lang='lat' dir='ltr'>rent</span> <span class='ocrx_word' id='word_1_529' title='bbox 1417 400 1507 434; x_wconf 85' lang='lat' dir='ltr'>mala</span> <span class='ocrx_word' id='word_1_530' title='bbox 1525 399 1653 444; x_wconf 84' lang='lat' dir='ltr'>culpae.</span> 
     </span>
    </p>

    <p class='ocr_par' dir='ltr' id='par_1_16' title="bbox 1322 447 2282 547">
     <span class='ocr_line' id='line_1_83' title="bbox 1372 447 2282 497; baseline 0.003 -15"><span class='ocrx_word' id='word_1_531' title='bbox 1372 448 1544 484; x_wconf 71' lang='lat' dir='ltr'>Praeterea</span> <span class='ocrx_word' id='word_1_532' title='bbox 1561 475 1570 490; x_wconf 92' lang='lat'><strong>‚</strong></span> <span class='ocrx_word' id='word_1_533' title='bbox 1586 447 1782 484; x_wconf 83' lang='lat' dir='ltr'>Ecclefiast.</span> <span class='ocrx_word' id='word_1_534' title='bbox 1803 461 1853 496; x_wconf 72' lang='grc' dir='ltr'>ῖς.</span> <span class='ocrx_word' id='word_1_535' title='bbox 1869 451 1968 487; x_wconf 81' lang='lat' dir='ltr'>Deus</span> <span class='ocrx_word' id='word_1_536' title='bbox 1980 451 2024 485; x_wconf 80' lang='lat' dir='ltr'>ab</span> <span class='ocrx_word' id='word_1_537' title='bbox 2035 453 2145 487; x_wconf 79' lang='lat' dir='ltr'>initio</span> <span class='ocrx_word' id='word_1_538' title='bbox 2162 450 2282 497; x_wconf 72' lang='lat' dir='ltr'>consti-</span> 
     </span>
     <span class='ocr_line' id='line_1_84' title="bbox 1322 497 2282 547; baseline 0 -13"><span class='ocrx_word' id='word_1_539' title='bbox 1322 501 1397 534; x_wconf 77' lang='lat' dir='ltr'>tuit</span> <span class='ocrx_word' id='word_1_540' title='bbox 1408 497 1633 539; x_wconf 61' lang='lat' dir='ltr'>hominvm&amp;</span> <span class='ocrx_word' id='word_1_541' title='bbox 1646 499 1799 546; x_wconf 71' lang='lat' dir='ltr'>reliquit</span> <span class='ocrx_word' id='word_1_542' title='bbox 1815 504 1943 545; x_wconf 68' lang='lat' dir='ltr'>eumin</span> <span class='ocrx_word' id='word_1_543' title='bbox 1952 512 2058 535; x_wconf 76' lang='lat' dir='ltr'>manu</span> <span class='ocrx_word' id='word_1_544' title='bbox 2070 498 2282 547; x_wconf 58' lang='lat' dir='ltr'>corglr&#39;lijsm:</span> 
     </span>
    </p>
   </div>
   <div class='ocr_carea' id='block_1_13' title="bbox 2321 471 2520 506">
    <p class='ocr_par' dir='ltr' id='par_1_17' title="bbox 2321 471 2520 506">
     <span class='ocr_line' id='line_1_85' title="bbox 2321 471 2520 506; baseline 0.005 -10"><span class='ocrx_word' id='word_1_545' title='bbox 2321 481 2344 499; x_wconf 72' lang='grc' dir='ltr'>ι.</span> <span class='ocrx_word' id='word_1_546' title='bbox 2352 471 2407 497; x_wconf 73' lang='lat' dir='ltr'>dist.</span> <span class='ocrx_word' id='word_1_547' title='bbox 2417 479 2457 506; x_wconf 71' lang='lat'>37.</span> <span class='ocrx_word' id='word_1_548' title='bbox 2469 480 2494 504; x_wconf 74' lang='lat' dir='ltr'>q·</span> <span class='ocrx_word' id='word_1_549' title='bbox 2504 480 2520 497; x_wconf 70' lang='grc'>1</span> 
     </span>
    </p>
   </div>
   <div class='ocr_carea' id='block_1_14' title="bbox 1323 543 2329 593">
    <p class='ocr_par' dir='ltr' id='par_1_18' title="bbox 1323 543 2329 593">
     <span class='ocr_line' id='line_1_86' title="bbox 1323 543 2329 593; baseline -0.001 -9"><span class='ocrx_word' id='word_1_550' title='bbox 1323 548 1372 584; x_wconf 90' lang='lat' dir='ltr'>Et</span> <span class='ocrx_word' id='word_1_551' title='bbox 1384 547 1538 583; x_wconf 87' lang='lat' dir='ltr'>subditur</span> <span class='ocrx_word' id='word_1_552' title='bbox 1554 559 1563 581; x_wconf 90' lang='lat'><strong>:</strong></span> <span class='ocrx_word' id='word_1_553' title='bbox 1582 548 1684 582; x_wconf 67' lang='lat' dir='ltr'>Ante</span> <span class='ocrx_word' id='word_1_554' title='bbox 1700 548 1872 584; x_wconf 73' lang='lat' dir='ltr'>hominem</span> <span class='ocrx_word' id='word_1_555' title='bbox 1884 553 1975 592; x_wconf 73' lang='lat' dir='ltr'>vita,</span> <span class='ocrx_word' id='word_1_556' title='bbox 1988 549 2027 589; x_wconf 57' lang='grc' dir='ltr'>ἐῢ</span> <span class='ocrx_word' id='word_1_557' title='bbox 2043 550 2285 593; x_wconf 55' lang='grc' dir='ltr'>ηῑονςψοκανιι,</span> <span class='ocrx_word' id='word_1_558' title='bbox 2320 543 2329 556; x_wconf 83' lang='grc'><em>“</em></span> 
     </span>
    </p>
   </div>
   <div class='ocr_carea' id='block_1_15' title="bbox 1324 598 2326 3870">
    <p class='ocr_par' dir='ltr' id='par_1_19' title="bbox 1324 598 2288 896">
     <span class='ocr_line' id='line_1_87' title="bbox 1324 598 2286 645; baseline -0.003 -11"><span class='ocrx_word' id='word_1_559' title='bbox 1324 598 1363 639; x_wconf 72' lang='lat'>(¹5⁴</span> <span class='ocrx_word' id='word_1_560' title='bbox 1381 600 1525 640; x_wconf 82' lang='lat' dir='ltr'>malum,</span> <span class='ocrx_word' id='word_1_561' title='bbox 1541 598 1632 645; x_wconf 64' lang='lat' dir='ltr'>quod</span> <span class='ocrx_word' id='word_1_562' title='bbox 1639 598 1821 644; x_wconf 70' lang='lat' dir='ltr'>placuerit</span> <span class='ocrx_word' id='word_1_563' title='bbox 1835 600 2031 634; x_wconf 61' lang='lat' dir='ltr'>esdabz‘sm·</span> <span class='ocrx_word' id='word_1_564' title='bbox 2045 599 2118 634; x_wconf 78' lang='lat' dir='ltr'>illl.</span> <span class='ocrx_word' id='word_1_565' title='bbox 2137 598 2197 634; x_wconf 84' lang='lat' dir='ltr'>Est</span> <span class='ocrx_word' id='word_1_566' title='bbox 2218 601 2224 632; x_wconf 90' lang='lat' dir='ltr'>i</span> <span class='ocrx_word' id='word_1_567' title='bbox 2231 601 2286 645; x_wconf 82' lang='lat' dir='ltr'>gi-</span> 
     </span>
     <span class='ocr_line' id='line_1_88' title="bbox 1324 647 2287 695; baseline -0.002 -11"><span class='ocrx_word' id='word_1_568' title='bbox 1324 658 1383 684; x_wconf 85' lang='lat' dir='ltr'>tur</span> <span class='ocrx_word' id='word_1_569' title='bbox 1401 649 1508 684; x_wconf 80' lang='lat' dir='ltr'>homo</span> <span class='ocrx_word' id='word_1_570' title='bbox 1524 647 1660 683; x_wconf 82' lang='lat' dir='ltr'>suarum</span> <span class='ocrx_word' id='word_1_571' title='bbox 1678 647 1857 684; x_wconf 90' lang='lat' dir='ltr'>Dominus</span> <span class='ocrx_word' id='word_1_572' title='bbox 1870 648 2046 684; x_wconf 60' lang='lat' dir='ltr'>atiffonum</span> <span class='ocrx_word' id='word_1_573' title='bbox 2065 676 2075 692; x_wconf 89' lang='lat'>,</span> <span class='ocrx_word' id='word_1_574' title='bbox 2098 649 2287 695; x_wconf 88' lang='lat' dir='ltr'>quodcun-</span> 
     </span>
     <span class='ocr_line' id='line_1_89' title="bbox 1325 696 2285 745; baseline 0 -13"><span class='ocrx_word' id='word_1_575' title='bbox 1325 710 1395 745; x_wconf 87' lang='lat' dir='ltr'>que</span> <span class='ocrx_word' id='word_1_576' title='bbox 1411 698 1471 733; x_wconf 80' lang='lat' dir='ltr'>fibi</span> <span class='ocrx_word' id='word_1_577' title='bbox 1491 697 1634 734; x_wconf 89' lang='lat' dir='ltr'>videtur</span> <span class='ocrx_word' id='word_1_578' title='bbox 1650 725 1660 741; x_wconf 88' lang='lat'>‚</span> <span class='ocrx_word' id='word_1_579' title='bbox 1678 696 1813 733; x_wconf 83' lang='lat' dir='ltr'>efficere</span> <span class='ocrx_word' id='word_1_580' title='bbox 1828 698 1969 733; x_wconf 67' lang='lat' dir='ltr'>valens:</span> <span class='ocrx_word' id='word_1_581' title='bbox 1995 711 2060 733; x_wconf 89' lang='lat' dir='ltr'>non</span> <span class='ocrx_word' id='word_1_582' title='bbox 2075 701 2192 745; x_wconf 86' lang='lat' dir='ltr'>itaque</span> <span class='ocrx_word' id='word_1_583' title='bbox 2208 698 2285 732; x_wconf 77' lang='lat' dir='ltr'>sub-</span> 
     </span>
     <span class='ocr_line' id='line_1_90' title="bbox 1326 747 2288 795; baseline -0.002 -12"><span class='ocrx_word' id='word_1_584' title='bbox 1326 748 1425 783; x_wconf 88' lang='lat' dir='ltr'>ditur</span> <span class='ocrx_word' id='word_1_585' title='bbox 1442 748 1589 795; x_wconf 81' lang='lat' dir='ltr'>alicujus</span> <span class='ocrx_word' id='word_1_586' title='bbox 1609 747 1840 793; x_wconf 67' lang='lat' dir='ltr'>providentiae</span> <span class='ocrx_word' id='word_1_587' title='bbox 1853 747 2015 790; x_wconf 67' lang='lat' dir='ltr'>re5t0r5s5</span> <span class='ocrx_word' id='word_1_588' title='bbox 2034 759 2112 784; x_wconf 80' lang='lat' dir='ltr'>nam</span> <span class='ocrx_word' id='word_1_589' title='bbox 2131 749 2288 794; x_wconf 81' lang='lat' dir='ltr'>alioquin</span> 
     </span>
     <span class='ocr_line' id='line_1_91' title="bbox 1328 796 2285 844; baseline -0.002 -11"><span class='ocrx_word' id='word_1_590' title='bbox 1328 798 1372 833; x_wconf 86' lang='lat' dir='ltr'>ab</span> <span class='ocrx_word' id='word_1_591' title='bbox 1401 799 1460 834; x_wconf 93' lang='lat' dir='ltr'>illo</span> <span class='ocrx_word' id='word_1_592' title='bbox 1482 799 1670 834; x_wconf 83' lang='lat' dir='ltr'>duceretur</span> <span class='ocrx_word' id='word_1_593' title='bbox 1686 798 1792 843; x_wconf 85' lang='lat' dir='ltr'>juxta</span> <span class='ocrx_word' id='word_1_594' title='bbox 1817 798 1912 844; x_wconf 80' lang='lat' dir='ltr'>leges</span> <span class='ocrx_word' id='word_1_595' title='bbox 1938 796 1996 831; x_wconf 82' lang='lat' dir='ltr'>sibi</span> <span class='ocrx_word' id='word_1_596' title='bbox 2027 796 2189 844; x_wconf 78' lang='lat' dir='ltr'>praefixas</span> <span class='ocrx_word' id='word_1_597' title='bbox 2222 809 2285 842; x_wconf 80' lang='lat' dir='ltr'>per</span> 
     </span>
     <span class='ocr_line' id='line_1_92' title="bbox 1329 848 1780 896; baseline 0 -13"><span class='ocrx_word' id='word_1_598' title='bbox 1329 849 1589 896; x_wconf 80' lang='lat' dir='ltr'>providentiam</span> <span class='ocrx_word' id='word_1_599' title='bbox 1607 848 1780 883; x_wconf 77' lang='lat' dir='ltr'>alienam.</span> 
     </span>
    </p>

    <p class='ocr_par' dir='ltr' id='par_1_20' title="bbox 1330 896 2294 1337">
     <span class='ocr_line' id='line_1_93' title="bbox 1380 896 2285 943; baseline -0.003 -10"><span class='ocrx_word' id='word_1_600' title='bbox 1380 899 1552 934; x_wconf 83' lang='lat' dir='ltr'>Praeterea</span> <span class='ocrx_word' id='word_1_601' title='bbox 1567 926 1576 941; x_wconf 85' lang='lat'>‚</span> <span class='ocrx_word' id='word_1_602' title='bbox 1599 897 1766 933; x_wconf 86' lang='lat' dir='ltr'>Siomnia</span> <span class='ocrx_word' id='word_1_603' title='bbox 1786 897 1925 943; x_wconf 83' lang='lat' dir='ltr'>prorsus</span> <span class='ocrx_word' id='word_1_604' title='bbox 1949 896 2080 932; x_wconf 82' lang='lat' dir='ltr'>divinae</span> <span class='ocrx_word' id='word_1_605' title='bbox 2095 897 2285 942; x_wconf 83' lang='lat' dir='ltr'>providen-</span> 
     </span>
     <span class='ocr_line' id='line_1_94' title="bbox 1330 947 2290 993; baseline -0.005 -7"><span class='ocrx_word' id='word_1_606' title='bbox 1330 955 1385 987; x_wconf 82' lang='lat' dir='ltr'>tiae</span> <span class='ocrx_word' id='word_1_607' title='bbox 1398 948 1658 990; x_wconf 76' lang='lat' dir='ltr'>subderentur,</span> <span class='ocrx_word' id='word_1_608' title='bbox 1673 952 1780 983; x_wconf 87' lang='lat' dir='ltr'>etiam</span> <span class='ocrx_word' id='word_1_609' title='bbox 1794 947 2080 993; x_wconf 69' lang='lat' dir='ltr'>ma122profe5to</span> <span class='ocrx_word' id='word_1_610' title='bbox 2095 947 2127 980; x_wconf 86' lang='grc'>8(</span> <span class='ocrx_word' id='word_1_611' title='bbox 2140 947 2210 980; x_wconf 71' lang='lat' dir='ltr'>haec</span> <span class='ocrx_word' id='word_1_612' title='bbox 2228 972 2237 987; x_wconf 92' lang='lat'>,</span> <span class='ocrx_word' id='word_1_613' title='bbox 2253 956 2290 981; x_wconf 88' lang='lat' dir='ltr'>ut</span> 
     </span>
     <span class='ocr_line' id='line_1_95' title="bbox 1333 997 2294 1044; baseline -0.006 -9"><span class='ocrx_word' id='word_1_614' title='bbox 1333 1010 1457 1036; x_wconf 65' lang='lat' dir='ltr'>carrera</span> <span class='ocrx_word' id='word_1_615' title='bbox 1472 999 1640 1044; x_wconf 82' lang='lat' dir='ltr'>perillam</span> <span class='ocrx_word' id='word_1_616' title='bbox 1654 998 1905 1033; x_wconf 67' lang='lat' dir='ltr'>ordinarentur</span> <span class='ocrx_word' id='word_1_617' title='bbox 1920 997 1964 1032; x_wconf 90' lang='lat' dir='ltr'>ad</span> <span class='ocrx_word' id='word_1_618' title='bbox 1981 998 2231 1032; x_wconf 81' lang='lat' dir='ltr'>convenientes</span> <span class='ocrx_word' id='word_1_619' title='bbox 2246 1001 2294 1041; x_wconf 88' lang='lat' dir='ltr'>ip-</span> 
     </span>
     <span class='ocr_line' id='line_1_96' title="bbox 1332 1047 2291 1095; baseline -0.007 -9"><span class='ocrx_word' id='word_1_620' title='bbox 1332 1051 1376 1086; x_wconf 79' lang='lat' dir='ltr'>{is</span> <span class='ocrx_word' id='word_1_621' title='bbox 1390 1050 1497 1091; x_wconf 82' lang='lat' dir='ltr'>fines,</span> <span class='ocrx_word' id='word_1_622' title='bbox 1518 1061 1560 1084; x_wconf 89' lang='lat' dir='ltr'>ne</span> <span class='ocrx_word' id='word_1_623' title='bbox 1589 1047 1719 1095; x_wconf 85' lang='lat' dir='ltr'>aliquid</span> <span class='ocrx_word' id='word_1_624' title='bbox 1739 1048 1971 1083; x_wconf 83' lang='lat' dir='ltr'>inordinatum</span> <span class='ocrx_word' id='word_1_625' title='bbox 1986 1050 2016 1082; x_wconf 92' lang='lat' dir='ltr'>in</span> <span class='ocrx_word' id='word_1_626' title='bbox 2037 1059 2149 1087; x_wconf 59' lang='lat' dir='ltr'>regno</span> <span class='ocrx_word' id='word_1_627' title='bbox 2164 1050 2291 1093; x_wconf 85' lang='lat' dir='ltr'>provi—</span> 
     </span>
     <span class='ocr_line' id='line_1_97' title="bbox 1333 1094 2292 1144; baseline -0.006 -9"><span class='ocrx_word' id='word_1_628' title='bbox 1333 1101 1458 1137; x_wconf 66' lang='lat' dir='ltr'>dentiae</span> <span class='ocrx_word' id='word_1_629' title='bbox 1472 1102 1707 1144; x_wconf 81' lang='lat' dir='ltr'>reperiretur:</span> <span class='ocrx_word' id='word_1_630' title='bbox 1731 1099 1786 1133; x_wconf 75' lang='lat' dir='ltr'>{ed</span> <span class='ocrx_word' id='word_1_631' title='bbox 1799 1110 1846 1133; x_wconf 63' lang='lat' dir='ltr'>ex</span> <span class='ocrx_word' id='word_1_632' title='bbox 1878 1098 2000 1144; x_wconf 88' lang='lat' dir='ltr'>eojam</span> <span class='ocrx_word' id='word_1_633' title='bbox 2019 1096 2211 1132; x_wconf 81' lang='lat' dir='ltr'>desinerent</span> <span class='ocrx_word' id='word_1_634' title='bbox 2227 1094 2292 1130; x_wconf 75' lang='lat' dir='ltr'>effe</span> 
     </span>
     <span class='ocr_line' id='line_1_98' title="bbox 1334 1145 2294 1194; baseline -0.005 -9"><span class='ocrx_word' id='word_1_635' title='bbox 1334 1151 1448 1188; x_wconf 79' lang='lat' dir='ltr'>mala:</span> <span class='ocrx_word' id='word_1_636' title='bbox 1470 1159 1515 1184; x_wconf 84' lang='lat' dir='ltr'>ex</span> <span class='ocrx_word' id='word_1_637' title='bbox 1529 1160 1572 1182; x_wconf 88' lang='lat' dir='ltr'>eo</span> <span class='ocrx_word' id='word_1_638' title='bbox 1586 1149 1675 1182; x_wconf 77' lang='lat' dir='ltr'>enim</span> <span class='ocrx_word' id='word_1_639' title='bbox 1690 1148 1833 1194; x_wconf 81' lang='lat' dir='ltr'>aliquod</span> <span class='ocrx_word' id='word_1_640' title='bbox 1845 1148 1893 1184; x_wconf 87' lang='lat' dir='ltr'>est</span> <span class='ocrx_word' id='word_1_641' title='bbox 1911 1148 2036 1182; x_wconf 81' lang='lat' dir='ltr'>malum</span> <span class='ocrx_word' id='word_1_642' title='bbox 2053 1175 2063 1190; x_wconf 93' lang='lat'>,</span> <span class='ocrx_word' id='word_1_643' title='bbox 2088 1145 2185 1194; x_wconf 89' lang='lat' dir='ltr'>quod</span> <span class='ocrx_word' id='word_1_644' title='bbox 2211 1157 2294 1180; x_wconf 84' lang='lat' dir='ltr'>con-</span> 
     </span>
     <span class='ocr_line' id='line_1_99' title="bbox 1332 1194 2293 1243; baseline -0.007 -7"><span class='ocrx_word' id='word_1_645' title='bbox 1332 1211 1390 1238; x_wconf 82' lang='lat' dir='ltr'>tra</span> <span class='ocrx_word' id='word_1_646' title='bbox 1404 1200 1561 1234; x_wconf 77' lang='lat' dir='ltr'>ordinem</span> <span class='ocrx_word' id='word_1_647' title='bbox 1581 1196 1761 1243; x_wconf 64' lang='lat' dir='ltr'>praefixum</span> <span class='ocrx_word' id='word_1_648' title='bbox 1776 1197 1834 1231; x_wconf 81' lang='lat' dir='ltr'>fit:</span> <span class='ocrx_word' id='word_1_649' title='bbox 1868 1209 1953 1241; x_wconf 67' lang='lat' dir='ltr'>ergo</span> <span class='ocrx_word' id='word_1_650' title='bbox 1967 1197 1988 1231; x_wconf 83' lang='lat' dir='ltr'>fi</span> <span class='ocrx_word' id='word_1_651' title='bbox 2008 1198 2039 1232; x_wconf 79' lang='grc'>8(</span> <span class='ocrx_word' id='word_1_652' title='bbox 2056 1196 2154 1231; x_wconf 86' lang='lat' dir='ltr'>malis</span> <span class='ocrx_word' id='word_1_653' title='bbox 2172 1194 2191 1230; x_wconf 71' lang='grc' dir='ltr'>ὲ</span> <span class='ocrx_word' id='word_1_654' title='bbox 2211 1206 2293 1241; x_wconf 86' lang='lat' dir='ltr'>pro-</span> 
     </span>
     <span class='ocr_line' id='line_1_100' title="bbox 1335 1245 2291 1294; baseline -0.007 -7"><span class='ocrx_word' id='word_1_655' title='bbox 1335 1250 1495 1287; x_wconf 82' lang='lat' dir='ltr'>videntia</span> <span class='ocrx_word' id='word_1_656' title='bbox 1509 1248 1589 1282; x_wconf 87' lang='lat' dir='ltr'>suus</span> <span class='ocrx_word' id='word_1_657' title='bbox 1602 1246 1649 1282; x_wconf 86' lang='lat' dir='ltr'>est</span> <span class='ocrx_word' id='word_1_658' title='bbox 1663 1246 1825 1294; x_wconf 79' lang='lat' dir='ltr'>piaefixus</span> <span class='ocrx_word' id='word_1_659' title='bbox 1838 1247 1926 1282; x_wconf 88' lang='lat' dir='ltr'>ordo</span> <span class='ocrx_word' id='word_1_660' title='bbox 1942 1258 1951 1279; x_wconf 76' lang='grc' dir='ltr'><strong><em>ε</em></strong></span> <span class='ocrx_word' id='word_1_661' title='bbox 1964 1246 2041 1294; x_wconf 86' lang='lat' dir='ltr'>jam</span> <span class='ocrx_word' id='word_1_662' title='bbox 2053 1245 2144 1281; x_wconf 77' lang='lat' dir='ltr'>nulla</span> <span class='ocrx_word' id='word_1_663' title='bbox 2155 1246 2202 1281; x_wconf 82' lang='lat' dir='ltr'>est</span> <span class='ocrx_word' id='word_1_664' title='bbox 2219 1257 2291 1280; x_wconf 82' lang='lat' dir='ltr'>ma-</span> 
     </span>
     <span class='ocr_line' id='line_1_101' title="bbox 1333 1298 1715 1337; baseline -0.01 0"><span class='ocrx_word' id='word_1_665' title='bbox 1333 1302 1407 1337; x_wconf 81' lang='lat' dir='ltr'>litia</span> <span class='ocrx_word' id='word_1_666' title='bbox 1424 1302 1518 1335; x_wconf 86' lang='lat' dir='ltr'>inter</span> <span class='ocrx_word' id='word_1_667' title='bbox 1533 1298 1692 1333; x_wconf 83' lang='lat' dir='ltr'>homines</span> <span class='ocrx_word' id='word_1_668' title='bbox 1707 1325 1715 1333; x_wconf 91' lang='lat'><strong>.</strong></span> 
     </span>
    </p>

    <p class='ocr_par' dir='ltr' id='par_1_21' title="bbox 1332 1340 2299 1750">
     <span class='ocr_line' id='line_1_102' title="bbox 1384 1340 2292 1393; baseline -0.007 -9"><span class='ocrx_word' id='word_1_669' title='bbox 1384 1350 1556 1386; x_wconf 69' lang='lat' dir='ltr'>CONTRA</span> <span class='ocrx_word' id='word_1_670' title='bbox 1574 1375 1582 1382; x_wconf 93' lang='lat'><em>.</em></span> <span class='ocrx_word' id='word_1_671' title='bbox 1608 1340 1753 1393; x_wconf 72' lang='lat' dir='ltr'>Sapie&#39;n.</span> <span class='ocrx_word' id='word_1_672' title='bbox 1775 1358 1785 1380; x_wconf 84' lang='lat' dir='ltr'>r</span> <span class='ocrx_word' id='word_1_673' title='bbox 1801 1359 1826 1382; x_wconf 83' lang='lat'>1.</span> <span class='ocrx_word' id='word_1_674' title='bbox 1839 1349 1974 1385; x_wconf 74' lang='lat' dir='ltr'>Omnia</span> <span class='ocrx_word' id='word_1_675' title='bbox 1988 1349 2027 1381; x_wconf 76' lang='lat' dir='ltr'>in</span> <span class='ocrx_word' id='word_1_676' title='bbox 2040 1346 2204 1391; x_wconf 70' lang='lat' dir='ltr'>mensura</span> <span class='ocrx_word' id='word_1_677' title='bbox 2220 1373 2231 1388; x_wconf 87' lang='lat'>,</span> <span class='ocrx_word' id='word_1_678' title='bbox 2254 1345 2292 1384; x_wconf 61' lang='grc' dir='ltr'>ᾧ·</span> 
     </span>
     <span class='ocr_line' id='line_1_103' title="bbox 1332 1396 2294 1445; baseline -0.007 -8"><span class='ocrx_word' id='word_1_679' title='bbox 1332 1412 1489 1441; x_wconf 74' lang='lat' dir='ltr'>numero,</span> <span class='ocrx_word' id='word_1_680' title='bbox 1503 1398 1708 1445; x_wconf 66' lang='lat' dir='ltr'>&amp;pondere</span> <span class='ocrx_word' id='word_1_681' title='bbox 1724 1396 1950 1443; x_wconf 65' lang='lat' dir='ltr'>disposuisti:</span> <span class='ocrx_word' id='word_1_682' title='bbox 1966 1400 2076 1442; x_wconf 80' lang='lat' dir='ltr'>igitur</span> <span class='ocrx_word' id='word_1_683' title='bbox 2087 1399 2204 1431; x_wconf 85' lang='lat' dir='ltr'>omnia</span> <span class='ocrx_word' id='word_1_684' title='bbox 2220 1396 2294 1430; x_wconf 87' lang='lat' dir='ltr'>sunt</span> 
     </span>
     <span class='ocr_line' id='line_1_104' title="bbox 1334 1443 2295 1495; baseline -0.008 -8"><span class='ocrx_word' id='word_1_685' title='bbox 1334 1452 1470 1487; x_wconf 83' lang='lat' dir='ltr'>divinae</span> <span class='ocrx_word' id='word_1_686' title='bbox 1482 1448 1712 1495; x_wconf 73' lang='lat' dir='ltr'>providentia:</span> <span class='ocrx_word' id='word_1_687' title='bbox 1722 1445 1753 1480; x_wconf 90' lang='lat' dir='ltr'>su</span> <span class='ocrx_word' id='word_1_688' title='bbox 1763 1446 1895 1492; x_wconf 49' lang='lat' dir='ltr'>lutera,</span> <span class='ocrx_word' id='word_1_689' title='bbox 1922 1446 2024 1493; x_wconf 79' lang='lat' dir='ltr'>aqua</span> <span class='ocrx_word' id='word_1_690' title='bbox 2037 1459 2080 1481; x_wconf 82' lang='lat' dir='ltr'>eo</span> <span class='ocrx_word' id='word_1_691' title='bbox 2100 1443 2196 1494; x_wconf 87' lang='lat' dir='ltr'>quod</span> <span class='ocrx_word' id='word_1_692' title='bbox 2219 1457 2295 1480; x_wconf 87' lang='lat' dir='ltr'>om-</span> 
     </span>
     <span class='ocr_line' id='line_1_105' title="bbox 1334 1495 2294 1543; baseline -0.008 -6"><span class='ocrx_word' id='word_1_693' title='bbox 1334 1507 1370 1537; x_wconf 88' lang='lat' dir='ltr'>ni</span> <span class='ocrx_word' id='word_1_694' title='bbox 1387 1505 1435 1537; x_wconf 87' lang='lat' dir='ltr'>rei</span> <span class='ocrx_word' id='word_1_695' title='bbox 1463 1498 1591 1533; x_wconf 87' lang='lat' dir='ltr'>modus</span> <span class='ocrx_word' id='word_1_696' title='bbox 1616 1496 1656 1533; x_wconf 84' lang='lat' dir='ltr'>sit</span> <span class='ocrx_word' id='word_1_697' title='bbox 1675 1495 1860 1543; x_wconf 78' lang='lat' dir='ltr'>praerixus,</span> <span class='ocrx_word' id='word_1_698' title='bbox 1886 1500 1916 1531; x_wconf 91' lang='lat' dir='ltr'>in</span> <span class='ocrx_word' id='word_1_699' title='bbox 1944 1496 2100 1532; x_wconf 74' lang='lat' dir='ltr'>mensura</span> <span class='ocrx_word' id='word_1_700' title='bbox 2124 1495 2294 1529; x_wconf 87' lang='lat' dir='ltr'>dicuntur</span> 
     </span>
     <span class='ocr_line' id='line_1_106' title="bbox 1332 1546 2299 1594; baseline -0.008 -8"><span class='ocrx_word' id='word_1_701' title='bbox 1332 1547 1578 1589; x_wconf 83' lang='lat' dir='ltr'>condita3s1cut</span> <span class='ocrx_word' id='word_1_702' title='bbox 1592 1559 1653 1594; x_wconf 86' lang='lat' dir='ltr'>per</span> <span class='ocrx_word' id='word_1_703' title='bbox 1667 1558 1850 1582; x_wconf 88' lang='lat' dir='ltr'>numerum</span> <span class='ocrx_word' id='word_1_704' title='bbox 1869 1551 1963 1582; x_wconf 88' lang='lat' dir='ltr'>omni</span> <span class='ocrx_word' id='word_1_705' title='bbox 1982 1547 2032 1582; x_wconf 89' lang='lat' dir='ltr'>rei</span> <span class='ocrx_word' id='word_1_706' title='bbox 2050 1546 2197 1591; x_wconf 84' lang='lat' dir='ltr'>speciem</span> <span class='ocrx_word' id='word_1_707' title='bbox 2215 1556 2299 1591; x_wconf 81' lang='lat' dir='ltr'>prae-</span> 
     </span>
     <span class='ocr_line' id='line_1_107' title="bbox 1336 1595 2298 1645; baseline -0.008 -8"><span class='ocrx_word' id='word_1_708' title='bbox 1336 1604 1437 1643; x_wconf 84' lang='lat' dir='ltr'>buit,</span> <span class='ocrx_word' id='word_1_709' title='bbox 1454 1599 1484 1634; x_wconf 82' lang='lat'>&amp;</span> <span class='ocrx_word' id='word_1_710' title='bbox 1511 1610 1572 1645; x_wconf 86' lang='lat' dir='ltr'>per</span> <span class='ocrx_word' id='word_1_711' title='bbox 1587 1597 1723 1643; x_wconf 82' lang='lat' dir='ltr'>pondus</span> <span class='ocrx_word' id='word_1_712' title='bbox 1738 1597 1782 1632; x_wconf 88' lang='lat' dir='ltr'>ad</span> <span class='ocrx_word' id='word_1_713' title='bbox 1811 1601 1964 1643; x_wconf 88' lang='lat' dir='ltr'>quietem</span> <span class='ocrx_word' id='word_1_714' title='bbox 1978 1624 1989 1639; x_wconf 89' lang='lat'>‚</span> <span class='ocrx_word' id='word_1_715' title='bbox 2010 1596 2043 1630; x_wconf 85' lang='grc'>8(</span> <span class='ocrx_word' id='word_1_716' title='bbox 2071 1595 2298 1630; x_wconf 82' lang='lat' dir='ltr'>stabilitatem</span> 
     </span>
     <span class='ocr_line' id='line_1_108' title="bbox 1333 1645 2299 1693; baseline -0.008 -5"><span class='ocrx_word' id='word_1_717' title='bbox 1333 1652 1548 1692; x_wconf 85' lang='lat' dir='ltr'>trahuntur,</span> <span class='ocrx_word' id='word_1_718' title='bbox 1578 1647 1764 1683; x_wconf 80' lang='lat' dir='ltr'>secundum</span> <span class='ocrx_word' id='word_1_719' title='bbox 1779 1646 2018 1693; x_wconf 85' lang='lat' dir='ltr'>Augustinum</span> <span class='ocrx_word' id='word_1_720' title='bbox 2034 1646 2190 1693; x_wconf 77' lang='lat' dir='ltr'>4.supe7·</span> <span class='ocrx_word' id='word_1_721' title='bbox 2206 1645 2299 1680; x_wconf 74' lang='lat' dir='ltr'>Gen.</span> 
     </span>
     <span class='ocr_line' id='line_1_109' title="bbox 1336 1713 1460 1750; baseline -0.032 -11"><span class='ocrx_word' id='word_1_722' title='bbox 1336 1713 1410 1750; x_wconf 81' lang='lat' dir='ltr'>cap.</span> <span class='ocrx_word' id='word_1_723' title='bbox 1428 1713 1460 1748; x_wconf 83' lang='lat'>3.</span> 
     </span>
    </p>

    <p class='ocr_par' dir='ltr' id='par_1_22' title="bbox 1334 1746 2326 3840">
     <span class='ocr_line' id='line_1_110' title="bbox 1386 1746 2299 1793; baseline -0.01 -6"><span class='ocrx_word' id='word_1_724' title='bbox 1386 1751 1415 1787; x_wconf 87' lang='lat' dir='ltr'><strong>R</strong></span> <span class='ocrx_word' id='word_1_725' title='bbox 1427 1761 1624 1786; x_wconf 77' lang='lat' dir='ltr'>ESPONDEO</span> <span class='ocrx_word' id='word_1_726' title='bbox 1637 1746 1825 1783; x_wconf 82' lang='lat' dir='ltr'>dicendum</span> <span class='ocrx_word' id='word_1_727' title='bbox 1840 1774 1850 1788; x_wconf 87' lang='lat'>‚</span> <span class='ocrx_word' id='word_1_728' title='bbox 1871 1758 1993 1782; x_wconf 88' lang='lat' dir='ltr'>omnes</span> <span class='ocrx_word' id='word_1_729' title='bbox 2007 1746 2145 1793; x_wconf 80' lang='lat' dir='ltr'>prorsus</span> <span class='ocrx_word' id='word_1_730' title='bbox 2162 1754 2299 1779; x_wconf 72' lang='lat' dir='ltr'>crentu-</span> 
     </span>
     <span class='ocr_line' id='line_1_111' title="bbox 1334 1796 2298 1845; baseline -0.01 -6"><span class='ocrx_word' id='word_1_731' title='bbox 1334 1814 1393 1839; x_wconf 81' lang='lat' dir='ltr'>ras</span> <span class='ocrx_word' id='word_1_732' title='bbox 1406 1801 1537 1836; x_wconf 82' lang='lat' dir='ltr'>divinae</span> <span class='ocrx_word' id='word_1_733' title='bbox 1566 1798 1796 1845; x_wconf 79' lang='lat' dir='ltr'>providentia:</span> <span class='ocrx_word' id='word_1_734' title='bbox 1810 1797 1874 1832; x_wconf 75' lang='lat' dir='ltr'>effe</span> <span class='ocrx_word' id='word_1_735' title='bbox 1890 1798 1920 1831; x_wconf 70' lang='lat' dir='ltr'>su</span> <span class='ocrx_word' id='word_1_736' title='bbox 1929 1796 2060 1843; x_wconf 63' lang='lat' dir='ltr'>bjeetas</span> <span class='ocrx_word' id='word_1_737' title='bbox 2075 1823 2085 1838; x_wconf 97' lang='lat'>,</span> <span class='ocrx_word' id='word_1_738' title='bbox 2114 1806 2176 1842; x_wconf 87' lang='lat' dir='ltr'>per</span> <span class='ocrx_word' id='word_1_739' title='bbox 2191 1806 2298 1840; x_wconf 87' lang='lat' dir='ltr'>quam</span> 
     </span>
     <span class='ocr_line' id='line_1_112' title="bbox 1334 1847 2298 1898; baseline -0.01 -10"><span class='ocrx_word' id='word_1_740' title='bbox 1334 1854 1365 1888; x_wconf 70' lang='lat'>8&lt;</span> <span class='ocrx_word' id='word_1_741' title='bbox 1381 1851 1629 1898; x_wconf 79' lang='lat' dir='ltr'>gubernantur</span> <span class='ocrx_word' id='word_1_742' title='bbox 1658 1859 1723 1893; x_wconf 89' lang='lat' dir='ltr'>per</span> <span class='ocrx_word' id='word_1_743' title='bbox 1745 1847 2000 1882; x_wconf 79' lang='lat' dir='ltr'>exhibitionem</span> <span class='ocrx_word' id='word_1_744' title='bbox 2015 1851 2298 1893; x_wconf 81' lang='lat' dir='ltr'>praeparatorum</span> 
     </span>
     <span class='ocr_line' id='line_1_113' title="bbox 1337 1894 2297 1944; baseline -0.009 -7"><span class='ocrx_word' id='word_1_745' title='bbox 1337 1901 1534 1939; x_wconf 83' lang='lat' dir='ltr'>mediorum</span> <span class='ocrx_word' id='word_1_746' title='bbox 1552 1926 1562 1939; x_wconf 93' lang='lat'>,</span> <span class='ocrx_word' id='word_1_747' title='bbox 1575 1897 1632 1932; x_wconf 87' lang='lat' dir='ltr'>fini</span> <span class='ocrx_word' id='word_1_748' title='bbox 1649 1898 1693 1932; x_wconf 86' lang='lat' dir='ltr'>ab</span> <span class='ocrx_word' id='word_1_749' title='bbox 1707 1908 1914 1944; x_wconf 82' lang='lat' dir='ltr'>unaquaque</span> <span class='ocrx_word' id='word_1_750' title='bbox 1928 1895 2134 1943; x_wconf 75' lang='lat' dir='ltr'>assequendo</span> <span class='ocrx_word' id='word_1_751' title='bbox 2150 1894 2297 1929; x_wconf 84' lang='lat' dir='ltr'>idoneo-</span> 
     </span>
     <span class='ocr_line' id='line_1_114' title="bbox 1336 1945 2299 1990; baseline -0.009 -3"><span class='ocrx_word' id='word_1_752' title='bbox 1336 1964 1413 1987; x_wconf 90' lang='lat' dir='ltr'>rum</span> <span class='ocrx_word' id='word_1_753' title='bbox 1430 1978 1439 1986; x_wconf 88' lang='lat'><strong>.</strong></span> <span class='ocrx_word' id='word_1_754' title='bbox 1465 1949 1702 1986; x_wconf 72' lang='lat' dir='ltr'>Declarat³02</span> <span class='ocrx_word' id='word_1_755' title='bbox 1728 1951 1760 1981; x_wconf 92' lang='lat' dir='ltr'>in</span> <span class='ocrx_word' id='word_1_756' title='bbox 1780 1949 1920 1983; x_wconf 81' lang='lat' dir='ltr'>entibus</span> <span class='ocrx_word' id='word_1_757' title='bbox 1948 1946 1997 1981; x_wconf 85' lang='lat' dir='ltr'>est</span> <span class='ocrx_word' id='word_1_758' title='bbox 2025 1945 2156 1990; x_wconf 77' lang='lat' dir='ltr'>duplex</span> <span class='ocrx_word' id='word_1_759' title='bbox 2183 1945 2272 1979; x_wconf 82' lang='lat' dir='ltr'>ordo</span> <span class='ocrx_word' id='word_1_760' title='bbox 2289 1971 2299 1986; x_wconf 88' lang='lat'><strong><em>‚</em></strong></span> 
     </span>
     <span class='ocr_line' id='line_1_115' title="bbox 1335 1994 2300 2044; baseline -0.009 -7"><span class='ocrx_word' id='word_1_761' title='bbox 1335 2000 1521 2037; x_wconf 70' lang='lat' dir='ltr'>secundnm</span> <span class='ocrx_word' id='word_1_762' title='bbox 1543 1997 1798 2044; x_wconf 77' lang='lat' dir='ltr'>Philosophum,</span> <span class='ocrx_word' id='word_1_763' title='bbox 1822 1997 2246 2044; x_wconf 53' lang='lat' dir='ltr'>12.Jifletapl3ſstex.c.52.</span> <span class='ocrx_word' id='word_1_764' title='bbox 2267 1994 2300 2029; x_wconf 89' lang='lat'>&amp;</span> 
     </span>
     <span class='ocr_line' id='line_1_116' title="bbox 1338 2045 2302 2096; baseline -0.008 -10"><span class='ocrx_word' id='word_1_765' title='bbox 1338 2048 1603 2096; x_wconf 80' lang='lat' dir='ltr'>alteroquidem</span> <span class='ocrx_word' id='word_1_766' title='bbox 1633 2048 1707 2082; x_wconf 81' lang='lat' dir='ltr'>sunt</span> <span class='ocrx_word' id='word_1_767' title='bbox 1722 2052 1814 2083; x_wconf 90' lang='lat' dir='ltr'>inter</span> <span class='ocrx_word' id='word_1_768' title='bbox 1828 2047 1855 2081; x_wconf 84' lang='lat' dir='ltr'>se</span> <span class='ocrx_word' id='word_1_769' title='bbox 1871 2047 2037 2084; x_wconf 80' lang='lat' dir='ltr'>ordinata</span> <span class='ocrx_word' id='word_1_770' title='bbox 2051 2072 2061 2087; x_wconf 88' lang='lat'>‚</span> <span class='ocrx_word' id='word_1_771' title='bbox 2084 2045 2196 2081; x_wconf 77' lang='lat' dir='ltr'>altero</span> <span class='ocrx_word' id='word_1_772' title='bbox 2215 2056 2302 2080; x_wconf 88' lang='lat' dir='ltr'>vero</span> 
     </span>
     <span class='ocr_line' id='line_1_117' title="bbox 1337 2094 2302 2145; baseline -0.008 -9"><span class='ocrx_word' id='word_1_773' title='bbox 1337 2100 1547 2137; x_wconf 85' lang='lat' dir='ltr'>ordinantur</span> <span class='ocrx_word' id='word_1_774' title='bbox 1560 2098 1602 2133; x_wconf 78' lang='lat' dir='ltr'>ad</span> <span class='ocrx_word' id='word_1_775' title='bbox 1618 2100 1773 2142; x_wconf 77' lang='lat' dir='ltr'>primum</span> <span class='ocrx_word' id='word_1_776' title='bbox 1791 2100 2002 2145; x_wconf 82' lang='lat' dir='ltr'>principium</span> <span class='ocrx_word' id='word_1_777' title='bbox 2020 2124 2030 2140; x_wconf 82' lang='lat'>,</span> <span class='ocrx_word' id='word_1_778' title='bbox 2057 2094 2151 2142; x_wconf 86' lang='lat' dir='ltr'>quod</span> <span class='ocrx_word' id='word_1_779' title='bbox 2163 2094 2210 2129; x_wconf 83' lang='lat' dir='ltr'>est</span> <span class='ocrx_word' id='word_1_780' title='bbox 2223 2107 2302 2130; x_wconf 90' lang='lat' dir='ltr'>ver-</span> 
     </span>
     <span class='ocr_line' id='line_1_118' title="bbox 1339 2144 2303 2193; baseline -0.01 -6"><span class='ocrx_word' id='word_1_781' title='bbox 1339 2151 1533 2193; x_wconf 76' lang='lat' dir='ltr'>teX,ca11sa‚</span> <span class='ocrx_word' id='word_1_782' title='bbox 1545 2149 1576 2183; x_wconf 61' lang='grc' dir='ltr'>ἃ</span> <span class='ocrx_word' id='word_1_783' title='bbox 1595 2151 1700 2192; x_wconf 57' lang='lat' dir='ltr'>origo</span> <span class='ocrx_word' id='word_1_784' title='bbox 1715 2150 1845 2183; x_wconf 84' lang='lat' dir='ltr'>entium</span> <span class='ocrx_word' id='word_1_785' title='bbox 1859 2145 2109 2181; x_wconf 70' lang='lat' dir='ltr'>universitatis.</span> <span class='ocrx_word' id='word_1_786' title='bbox 2130 2144 2162 2178; x_wconf 86' lang='lat' dir='ltr'>Is</span> <span class='ocrx_word' id='word_1_787' title='bbox 2181 2153 2303 2178; x_wconf 84' lang='lat' dir='ltr'>autem</span> 
     </span>
     <span class='ocr_line' id='line_1_119' title="bbox 1338 2193 2304 2245; baseline -0.009 -10"><span class='ocrx_word' id='word_1_788' title='bbox 1338 2200 1453 2242; x_wconf 83' lang='lat' dir='ltr'>ordo,</span> <span class='ocrx_word' id='word_1_789' title='bbox 1480 2199 1512 2234; x_wconf 87' lang='grc'>8(</span> <span class='ocrx_word' id='word_1_790' title='bbox 1531 2197 1710 2245; x_wconf 78' lang='lat' dir='ltr'>dispositio</span> <span class='ocrx_word' id='word_1_791' title='bbox 1725 2224 1734 2238; x_wconf 88' lang='lat'><strong>‚</strong></span> <span class='ocrx_word' id='word_1_792' title='bbox 1759 2199 1957 2243; x_wconf 83' lang='lat' dir='ltr'>quaomnia</span> <span class='ocrx_word' id='word_1_793' title='bbox 1978 2207 2101 2230; x_wconf 66' lang='lat' dir='ltr'>murum</span> <span class='ocrx_word' id='word_1_794' title='bbox 2114 2194 2143 2229; x_wconf 86' lang='lat' dir='ltr'>se</span> <span class='ocrx_word' id='word_1_795' title='bbox 2157 2194 2186 2228; x_wconf 90' lang='lat' dir='ltr'>se</span> <span class='ocrx_word' id='word_1_796' title='bbox 2201 2193 2304 2239; x_wconf 87' lang='lat' dir='ltr'>respi-</span> 
     </span>
     <span class='ocr_line' id='line_1_120' title="bbox 1341 2241 2301 2295; baseline -0.009 -10"><span class='ocrx_word' id='word_1_797' title='bbox 1341 2252 1463 2289; x_wconf 80' lang='lat' dir='ltr'>ciunt,</span> <span class='ocrx_word' id='word_1_798' title='bbox 1486 2258 1591 2295; x_wconf 71' lang='lat' dir='ltr'>arque</span> <span class='ocrx_word' id='word_1_799' title='bbox 1611 2248 1820 2283; x_wconf 74' lang='lat' dir='ltr'>ordinantur</span> <span class='ocrx_word' id='word_1_800' title='bbox 1834 2274 1844 2289; x_wconf 92' lang='lat'>,</span> <span class='ocrx_word' id='word_1_801' title='bbox 1872 2245 1890 2281; x_wconf 77' lang='lat' dir='ltr'>a</span> <span class='ocrx_word' id='word_1_802' title='bbox 1907 2251 2020 2292; x_wconf 88' lang='lat' dir='ltr'>primo</span> <span class='ocrx_word' id='word_1_803' title='bbox 2046 2244 2218 2291; x_wconf 87' lang='lat' dir='ltr'>principio</span> <span class='ocrx_word' id='word_1_804' title='bbox 2242 2241 2301 2277; x_wconf 86' lang='lat' dir='ltr'>est.</span> 
     </span>
     <span class='ocr_line' id='line_1_121' title="bbox 1341 2296 2303 2339; baseline -0.01 -4"><span class='ocrx_word' id='word_1_805' title='bbox 1341 2300 1438 2336; x_wconf 88' lang='lat' dir='ltr'>Nam</span> <span class='ocrx_word' id='word_1_806' title='bbox 1453 2298 1505 2334; x_wconf 83' lang='lat' dir='ltr'>ille</span> <span class='ocrx_word' id='word_1_807' title='bbox 1521 2299 1576 2334; x_wconf 83' lang='lat' dir='ltr'>sua</span> <span class='ocrx_word' id='word_1_808' title='bbox 1596 2300 1780 2333; x_wconf 65' lang='lat' dir='ltr'>volunt-ite</span> <span class='ocrx_word' id='word_1_809' title='bbox 1793 2296 1956 2331; x_wconf 86' lang='lat' dir='ltr'>condidit</span> <span class='ocrx_word' id='word_1_810' title='bbox 1974 2297 2089 2329; x_wconf 82' lang='lat' dir='ltr'>omnia</span> <span class='ocrx_word' id='word_1_811' title='bbox 2103 2320 2112 2335; x_wconf 79' lang='lat'>‚</span> <span class='ocrx_word' id='word_1_812' title='bbox 2138 2306 2205 2328; x_wconf 89' lang='lat' dir='ltr'>non</span> <span class='ocrx_word' id='word_1_813' title='bbox 2224 2304 2303 2339; x_wconf 82' lang='lat' dir='ltr'>pro-</span> 
     </span>
     <span class='ocr_line' id='line_1_122' title="bbox 1341 2343 2303 2398; baseline -0.009 -13"><span class='ocrx_word' id='word_1_814' title='bbox 1341 2360 1422 2398; x_wconf 77' lang='lat' dir='ltr'>pter</span> <span class='ocrx_word' id='word_1_815' title='bbox 1435 2351 1588 2395; x_wconf 83' lang='lat' dir='ltr'>aliquam</span> <span class='ocrx_word' id='word_1_816' title='bbox 1619 2349 1665 2382; x_wconf 86' lang='lat' dir='ltr'>sui</span> <span class='ocrx_word' id='word_1_817' title='bbox 1692 2344 2008 2393; x_wconf 77' lang='lat' dir='ltr'>utilitatem(nihil</span> <span class='ocrx_word' id='word_1_818' title='bbox 2027 2348 2118 2379; x_wconf 86' lang='lat' dir='ltr'>enirn</span> <span class='ocrx_word' id='word_1_819' title='bbox 2142 2343 2214 2378; x_wconf 85' lang='lat' dir='ltr'>tale</span> <span class='ocrx_word' id='word_1_820' title='bbox 2240 2353 2303 2377; x_wconf 78' lang='lat' dir='ltr'>ex-</span> 
     </span>
     <span class='ocr_line' id='line_1_123' title="bbox 1341 2390 2303 2443; baseline -0.009 -8"><span class='ocrx_word' id='word_1_821' title='bbox 1341 2399 1512 2435; x_wconf 72' lang='lat' dir='ltr'>trinsecus</span> <span class='ocrx_word' id='word_1_822' title='bbox 1523 2399 1692 2434; x_wconf 77' lang='lat' dir='ltr'>advenire</span> <span class='ocrx_word' id='word_1_823' title='bbox 1708 2394 1819 2442; x_wconf 79' lang='lat' dir='ltr'>potest</span> <span class='ocrx_word' id='word_1_824' title='bbox 1833 2397 1893 2437; x_wconf 85' lang='lat' dir='ltr'>illi,</span> <span class='ocrx_word' id='word_1_825' title='bbox 1906 2398 1965 2443; x_wconf 90' lang='lat' dir='ltr'>qui</span> <span class='ocrx_word' id='word_1_826' title='bbox 1981 2395 2108 2429; x_wconf 75' lang='lat' dir='ltr'>nullius</span> <span class='ocrx_word' id='word_1_827' title='bbox 2122 2402 2204 2438; x_wconf 76' lang='lat' dir='ltr'>eget</span> <span class='ocrx_word' id='word_1_828' title='bbox 2218 2390 2234 2436; x_wconf 85' lang='grc'>)</span> <span class='ocrx_word' id='word_1_829' title='bbox 2249 2391 2303 2426; x_wconf 84' lang='lat' dir='ltr'>sed</span> 
     </span>
     <span class='ocr_line' id='line_1_124' title="bbox 1342 2441 2302 2497; baseline -0.009 -12"><span class='ocrx_word' id='word_1_830' title='bbox 1342 2458 1489 2497; x_wconf 72' lang='lat' dir='ltr'>propter</span> <span class='ocrx_word' id='word_1_831' title='bbox 1512 2449 1604 2483; x_wconf 80' lang='lat' dir='ltr'>suam</span> <span class='ocrx_word' id='word_1_832' title='bbox 1633 2448 1856 2486; x_wconf 73' lang='lat' dir='ltr'>bonitatem,</span> <span class='ocrx_word' id='word_1_833' title='bbox 1880 2446 1912 2480; x_wconf 80' lang='grc'>8(</span> <span class='ocrx_word' id='word_1_834' title='bbox 1938 2457 2009 2493; x_wconf 82' lang='lat' dir='ltr'>quo</span> <span class='ocrx_word' id='word_1_835' title='bbox 2032 2445 2175 2479; x_wconf 78' lang='lat' dir='ltr'>uberius</span> <span class='ocrx_word' id='word_1_836' title='bbox 2202 2441 2253 2476; x_wconf 77' lang='lat' dir='ltr'>illa</span> <span class='ocrx_word' id='word_1_837' title='bbox 2269 2446 2302 2476; x_wconf 87' lang='lat' dir='ltr'>in</span> 
     </span>
     <span class='ocr_line' id='line_1_125' title="bbox 1343 2490 2303 2548; baseline -0.009 -14"><span class='ocrx_word' id='word_1_838' title='bbox 1343 2497 1528 2548; x_wconf 69' lang='lat' dir='ltr'>produtffls</span> <span class='ocrx_word' id='word_1_839' title='bbox 1542 2499 1606 2535; x_wconf 62' lang='lat' dir='ltr'>zise</span> <span class='ocrx_word' id='word_1_840' title='bbox 1620 2497 1798 2538; x_wconf 88' lang='lat' dir='ltr'>eluceret,</span> <span class='ocrx_word' id='word_1_841' title='bbox 1828 2495 2009 2541; x_wconf 63' lang='lat' dir='ltr'>ina-qualia</span> <span class='ocrx_word' id='word_1_842' title='bbox 2029 2499 2061 2529; x_wconf 90' lang='lat' dir='ltr'>in</span> <span class='ocrx_word' id='word_1_843' title='bbox 2091 2490 2303 2541; x_wconf 58' lang='lat' dir='ltr'>perfec&#39;tione</span> 
     </span>
     <span class='ocr_line' id='line_1_126' title="bbox 1343 2541 2307 2598; baseline -0.01 -14"><span class='ocrx_word' id='word_1_844' title='bbox 1343 2547 1516 2598; x_wconf 80' lang='lat' dir='ltr'>produxit</span> <span class='ocrx_word' id='word_1_845' title='bbox 1529 2576 1539 2590; x_wconf 91' lang='lat'>‚</span> <span class='ocrx_word' id='word_1_846' title='bbox 1563 2557 1603 2583; x_wconf 90' lang='lat' dir='ltr'>ut</span> <span class='ocrx_word' id='word_1_847' title='bbox 1617 2548 1712 2594; x_wconf 81' lang='lat' dir='ltr'>quod</span> <span class='ocrx_word' id='word_1_848' title='bbox 1726 2558 1817 2580; x_wconf 79' lang='lat' dir='ltr'>unus</span> <span class='ocrx_word' id='word_1_849' title='bbox 1830 2544 1974 2580; x_wconf 68' lang='lat' dir='ltr'>effeetus</span> <span class='ocrx_word' id='word_1_850' title='bbox 2003 2541 2224 2580; x_wconf 81' lang='lat' dir='ltr'>manifestare</span> <span class='ocrx_word' id='word_1_851' title='bbox 2239 2552 2307 2575; x_wconf 87' lang='lat' dir='ltr'>non</span> 
     </span>
     <span class='ocr_line' id='line_1_127' title="bbox 1343 2591 2307 2648; baseline -0.01 -13"><span class='ocrx_word' id='word_1_852' title='bbox 1343 2608 1509 2648; x_wconf 83' lang='lat' dir='ltr'>poterat,</span> <span class='ocrx_word' id='word_1_853' title='bbox 1535 2600 1843 2644; x_wconf 83' lang='lat' dir='ltr'>exprimereturin</span> <span class='ocrx_word' id='word_1_854' title='bbox 1858 2596 1927 2631; x_wconf 89' lang='lat' dir='ltr'>alio</span> <span class='ocrx_word' id='word_1_855' title='bbox 1954 2622 1962 2630; x_wconf 94' lang='lat'><strong>.</strong></span> <span class='ocrx_word' id='word_1_856' title='bbox 1987 2594 2081 2629; x_wconf 75' lang='lat' dir='ltr'>Cum</span> <span class='ocrx_word' id='word_1_857' title='bbox 2109 2591 2172 2643; x_wconf 44' lang='lat' dir='ltr'>fi&#39;nt</span> <span class='ocrx_word' id='word_1_858' title='bbox 2186 2600 2307 2627; x_wconf 76' lang='lat' dir='ltr'>autem</span> 
     </span>
     <span class='ocr_line' id='line_1_128' title="bbox 1342 2643 2307 2693; baseline -0.01 -9"><span class='ocrx_word' id='word_1_859' title='bbox 1342 2657 1514 2685; x_wconf 84' lang='lat' dir='ltr'>creaturae</span> <span class='ocrx_word' id='word_1_860' title='bbox 1530 2654 1559 2683; x_wconf 87' lang='lat' dir='ltr'>in</span> <span class='ocrx_word' id='word_1_861' title='bbox 1589 2646 1802 2693; x_wconf 66' lang='lat' dir='ltr'>perfeetione</span> <span class='ocrx_word' id='word_1_862' title='bbox 1826 2645 1975 2681; x_wconf 86' lang='lat' dir='ltr'>naturali</span> <span class='ocrx_word' id='word_1_863' title='bbox 2009 2643 2194 2690; x_wconf 79' lang='lat' dir='ltr'>inaequales</span> <span class='ocrx_word' id='word_1_864' title='bbox 2207 2668 2217 2683; x_wconf 91' lang='lat'><strong>‚</strong></span> <span class='ocrx_word' id='word_1_865' title='bbox 2246 2651 2307 2688; x_wconf 86' lang='lat' dir='ltr'>per</span> 
     </span>
     <span class='ocr_line' id='line_1_129' title="bbox 1344 2695 2310 2747; baseline -0.009 -13"><span class='ocrx_word' id='word_1_866' title='bbox 1344 2700 1526 2747; x_wconf 82' lang='lat' dir='ltr'>majorem,</span> <span class='ocrx_word' id='word_1_867' title='bbox 1545 2698 1577 2732; x_wconf 82' lang='grc'>8(</span> <span class='ocrx_word' id='word_1_868' title='bbox 1593 2700 1767 2732; x_wconf 84' lang='lat' dir='ltr'>minorem</span> <span class='ocrx_word' id='word_1_869' title='bbox 1784 2697 1886 2741; x_wconf 86' lang='lat' dir='ltr'>primi</span> <span class='ocrx_word' id='word_1_870' title='bbox 1903 2697 2229 2743; x_wconf 73' lang='lat' dir='ltr'>participationem,</span> <span class='ocrx_word' id='word_1_871' title='bbox 2248 2695 2310 2725; x_wconf 90' lang='lat' dir='ltr'>mi-</span> 
     </span>
     <span class='ocr_line' id='line_1_130' title="bbox 1344 2743 2308 2796; baseline -0.01 -11"><span class='ocrx_word' id='word_1_872' title='bbox 1344 2762 1411 2785; x_wconf 90' lang='lat' dir='ltr'>nus</span> <span class='ocrx_word' id='word_1_873' title='bbox 1431 2747 1588 2796; x_wconf 61' lang='lat' dir='ltr'>perfeeta</span> <span class='ocrx_word' id='word_1_874' title='bbox 1610 2748 1653 2783; x_wconf 90' lang='lat' dir='ltr'>ad</span> <span class='ocrx_word' id='word_1_875' title='bbox 1681 2746 1893 2793; x_wconf 62' lang='lat' dir='ltr'>perfeetiora</span> <span class='ocrx_word' id='word_1_876' title='bbox 1919 2744 2155 2783; x_wconf 86' lang='lat' dir='ltr'>ordinantur,</span> <span class='ocrx_word' id='word_1_877' title='bbox 2182 2744 2262 2789; x_wconf 81' lang='lat' dir='ltr'>quia</span> <span class='ocrx_word' id='word_1_878' title='bbox 2278 2743 2308 2775; x_wconf 89' lang='lat' dir='ltr'>in</span> 
     </span>
     <span class='ocr_line' id='line_1_131' title="bbox 1344 2791 2312 2846; baseline -0.011 -11"><span class='ocrx_word' id='word_1_879' title='bbox 1344 2800 1412 2835; x_wconf 87' lang='lat' dir='ltr'>illis</span> <span class='ocrx_word' id='word_1_880' title='bbox 1430 2799 1489 2834; x_wconf 87' lang='lat' dir='ltr'>suo</span> <span class='ocrx_word' id='word_1_881' title='bbox 1506 2797 1615 2834; x_wconf 84' lang='lat' dir='ltr'>modo</span> <span class='ocrx_word' id='word_1_882' title='bbox 1631 2796 1861 2846; x_wconf 76' lang='lat' dir='ltr'>perficiuntur</span> <span class='ocrx_word' id='word_1_883' title='bbox 1873 2823 1883 2837; x_wconf 87' lang='lat'>,</span> <span class='ocrx_word' id='word_1_884' title='bbox 1896 2793 2001 2841; x_wconf 85' lang='lat' dir='ltr'>cujus</span> <span class='ocrx_word' id='word_1_885' title='bbox 2015 2794 2130 2840; x_wconf 77' lang='lat' dir='ltr'>gratia</span> <span class='ocrx_word' id='word_1_886' title='bbox 2149 2793 2181 2827; x_wconf 66' lang='grc' dir='ltr'>ἃ</span> <span class='ocrx_word' id='word_1_887' title='bbox 2193 2791 2312 2826; x_wconf 87' lang='lat' dir='ltr'>condi-</span> 
     </span>
     <span class='ocr_line' id='line_1_132' title="bbox 1345 2847 2312 2891; baseline -0.01 -7"><span class='ocrx_word' id='word_1_888' title='bbox 1345 2859 1383 2885; x_wconf 89' lang='lat' dir='ltr'>ta</span> <span class='ocrx_word' id='word_1_889' title='bbox 1399 2848 1464 2884; x_wconf 78' lang='lat' dir='ltr'>eise</span> <span class='ocrx_word' id='word_1_890' title='bbox 1477 2848 1634 2883; x_wconf 86' lang='lat' dir='ltr'>constat:</span> <span class='ocrx_word' id='word_1_891' title='bbox 1661 2847 1752 2881; x_wconf 91' lang='lat' dir='ltr'>unde</span> <span class='ocrx_word' id='word_1_892' title='bbox 1767 2847 1916 2881; x_wconf 88' lang='lat' dir='ltr'>inanima</span> <span class='ocrx_word' id='word_1_893' title='bbox 1944 2855 2088 2891; x_wconf 82' lang='lat' dir='ltr'>quaeque</span> <span class='ocrx_word' id='word_1_894' title='bbox 2104 2853 2229 2877; x_wconf 76' lang='lat' dir='ltr'>natura</span> <span class='ocrx_word' id='word_1_895' title='bbox 2247 2852 2312 2876; x_wconf 90' lang='lat' dir='ltr'>vo-</span> 
     </span>
     <span class='ocr_line' id='line_1_133' title="bbox 1344 2894 2313 2945; baseline -0.009 -11"><span class='ocrx_word' id='word_1_896' title='bbox 1344 2900 1410 2935; x_wconf 83' lang='lat' dir='ltr'>luit</span> <span class='ocrx_word' id='word_1_897' title='bbox 1428 2897 1494 2935; x_wconf 79' lang='lat' dir='ltr'>effe</span> <span class='ocrx_word' id='word_1_898' title='bbox 1508 2902 1624 2945; x_wconf 84' lang='lat' dir='ltr'>gratia</span> <span class='ocrx_word' id='word_1_899' title='bbox 1640 2901 1904 2932; x_wconf 84' lang='lat' dir='ltr'>animatorum:</span> <span class='ocrx_word' id='word_1_900' title='bbox 1925 2894 2059 2930; x_wconf 76' lang='lat' dir='ltr'>&amp;inter</span> <span class='ocrx_word' id='word_1_901' title='bbox 2083 2894 2155 2927; x_wconf 83' lang='lat' dir='ltr'>haec</span> <span class='ocrx_word' id='word_1_902' title='bbox 2168 2901 2313 2936; x_wconf 75' lang='lat' dir='ltr'>vegeta-</span> 
     </span>
     <span class='ocr_line' id='line_1_134' title="bbox 1345 2943 2314 2995; baseline -0.01 -11"><span class='ocrx_word' id='word_1_903' title='bbox 1345 2949 1470 2984; x_wconf 89' lang='lat' dir='ltr'>bilium</span> <span class='ocrx_word' id='word_1_904' title='bbox 1489 2959 1604 2995; x_wconf 81' lang='lat' dir='ltr'>genus</span> <span class='ocrx_word' id='word_1_905' title='bbox 1617 2950 1732 2993; x_wconf 72' lang='lat' dir='ltr'>gratia</span> <span class='ocrx_word' id='word_1_906' title='bbox 1747 2945 1969 2985; x_wconf 86' lang='lat' dir='ltr'>animalium,</span> <span class='ocrx_word' id='word_1_907' title='bbox 1995 2945 2029 2978; x_wconf 74' lang='lat'>8&lt;</span> <span class='ocrx_word' id='word_1_908' title='bbox 2057 2943 2158 2977; x_wconf 83' lang='lat' dir='ltr'>bruta</span> <span class='ocrx_word' id='word_1_909' title='bbox 2171 2948 2314 2988; x_wconf 83' lang='lat' dir='ltr'>propter</span> 
     </span>
     <span class='ocr_line' id='line_1_135' title="bbox 1345 2989 2316 3042; baseline -0.011 -8"><span class='ocrx_word' id='word_1_910' title='bbox 1345 2999 1553 3034; x_wconf 83' lang='lat' dir='ltr'>hominem:</span> <span class='ocrx_word' id='word_1_911' title='bbox 1579 2997 1612 3032; x_wconf 87' lang='grc'>8(</span> <span class='ocrx_word' id='word_1_912' title='bbox 1628 2997 1734 3031; x_wconf 90' lang='lat' dir='ltr'>homo</span> <span class='ocrx_word' id='word_1_913' title='bbox 1747 2995 1898 3042; x_wconf 86' lang='lat' dir='ltr'>denique</span> <span class='ocrx_word' id='word_1_914' title='bbox 1913 2993 2098 3029; x_wconf 88' lang='lat' dir='ltr'>ordinatus</span> <span class='ocrx_word' id='word_1_915' title='bbox 2112 2991 2158 3026; x_wconf 87' lang='lat' dir='ltr'>est</span> <span class='ocrx_word' id='word_1_916' title='bbox 2170 2989 2214 3025; x_wconf 82' lang='lat' dir='ltr'>ad</span> <span class='ocrx_word' id='word_1_917' title='bbox 2231 2991 2316 3025; x_wconf 89' lang='lat' dir='ltr'>ulti·</span> 
     </span>
     <span class='ocr_line' id='line_1_136' title="bbox 1345 3041 2315 3091; baseline -0.012 -7"><span class='ocrx_word' id='word_1_918' title='bbox 1345 3061 1443 3084; x_wconf 89' lang='lat' dir='ltr'>mum</span> <span class='ocrx_word' id='word_1_919' title='bbox 1457 3048 1560 3085; x_wconf 81' lang='lat' dir='ltr'>finem</span> <span class='ocrx_word' id='word_1_920' title='bbox 1587 3074 1595 3082; x_wconf 91' lang='lat'><strong>.</strong></span> <span class='ocrx_word' id='word_1_921' title='bbox 1618 3047 1835 3091; x_wconf 77' lang='lat' dir='ltr'>Haecitaque</span> <span class='ocrx_word' id='word_1_922' title='bbox 1859 3056 1979 3080; x_wconf 90' lang='lat' dir='ltr'>rerum</span> <span class='ocrx_word' id='word_1_923' title='bbox 1993 3041 2218 3077; x_wconf 79' lang='lat' dir='ltr'>conditarum</span> <span class='ocrx_word' id='word_1_924' title='bbox 2234 3042 2315 3074; x_wconf 81' lang='lat' dir='ltr'>inae·</span> 
     </span>
     <span class='ocr_line' id='line_1_137' title="bbox 1345 3090 2315 3146; baseline -0.01 -12"><span class='ocrx_word' id='word_1_925' title='bbox 1345 3099 1504 3146; x_wconf 84' lang='lat' dir='ltr'>qualitas</span> <span class='ocrx_word' id='word_1_926' title='bbox 1515 3097 1640 3133; x_wconf 90' lang='lat' dir='ltr'>ordine</span> <span class='ocrx_word' id='word_1_927' title='bbox 1657 3094 1805 3130; x_wconf 81' lang='lat' dir='ltr'>mirifico</span> <span class='ocrx_word' id='word_1_928' title='bbox 1819 3096 1910 3128; x_wconf 86' lang='lat' dir='ltr'>inter</span> <span class='ocrx_word' id='word_1_929' title='bbox 1924 3094 1953 3128; x_wconf 90' lang='lat' dir='ltr'>se</span> <span class='ocrx_word' id='word_1_930' title='bbox 1974 3101 2139 3127; x_wconf 80' lang='lat' dir='ltr'>connexa</span> <span class='ocrx_word' id='word_1_931' title='bbox 2153 3090 2192 3132; x_wconf 71' lang='lat' dir='ltr'>,a</span> <span class='ocrx_word' id='word_1_932' title='bbox 2207 3090 2315 3124; x_wconf 80' lang='lat' dir='ltr'>libera</span> 
     </span>
     <span class='ocr_line' id='line_1_138' title="bbox 1347 3139 2315 3194; baseline -0.009 -10"><span class='ocrx_word' id='word_1_933' title='bbox 1347 3148 1535 3184; x_wconf 81' lang='lat' dir='ltr'>voluntate</span> <span class='ocrx_word' id='word_1_934' title='bbox 1559 3144 1833 3194; x_wconf 80' lang='lat' dir='ltr'>primiprincipij</span> <span class='ocrx_word' id='word_1_935' title='bbox 1849 3143 1918 3179; x_wconf 87' lang='lat' dir='ltr'>est:</span> <span class='ocrx_word' id='word_1_936' title='bbox 1943 3154 2032 3187; x_wconf 75' lang='lat' dir='ltr'>ergo</span> <span class='ocrx_word' id='word_1_937' title='bbox 2059 3139 2184 3175; x_wconf 81' lang='lat' dir='ltr'>eadem</span> <span class='ocrx_word' id='word_1_938' title='bbox 2214 3139 2315 3175; x_wconf 74' lang='lat' dir='ltr'>causa</span> 
     </span>
     <span class='ocr_line' id='line_1_139' title="bbox 1346 3189 2317 3245; baseline -0.009 -12"><span class='ocrx_word' id='word_1_939' title='bbox 1346 3197 1428 3245; x_wconf 80' lang='lat' dir='ltr'>ips-is</span> <span class='ocrx_word' id='word_1_940' title='bbox 1441 3209 1522 3232; x_wconf 89' lang='lat' dir='ltr'>eum</span> <span class='ocrx_word' id='word_1_941' title='bbox 1535 3196 1696 3231; x_wconf 86' lang='lat' dir='ltr'>ordinem</span> <span class='ocrx_word' id='word_1_942' title='bbox 1710 3193 1859 3241; x_wconf 77' lang='lat' dir='ltr'>praefixit</span> <span class='ocrx_word' id='word_1_943' title='bbox 1882 3218 1891 3228; x_wconf 87' lang='lat'>.</span> <span class='ocrx_word' id='word_1_944' title='bbox 1917 3192 2012 3227; x_wconf 78' lang='lat' dir='ltr'>Cum</span> <span class='ocrx_word' id='word_1_945' title='bbox 2028 3190 2073 3225; x_wconf 82' lang='lat' dir='ltr'>ab</span> <span class='ocrx_word' id='word_1_946' title='bbox 2105 3190 2227 3225; x_wconf 78' lang='lat' dir='ltr'>eadem</span> <span class='ocrx_word' id='word_1_947' title='bbox 2242 3189 2317 3224; x_wconf 79' lang='lat' dir='ltr'>fuc—</span> 
     </span>
     <span class='ocr_line' id='line_1_140' title="bbox 1347 3239 2315 3289; baseline -0.011 -5"><span class='ocrx_word' id='word_1_948' title='bbox 1347 3252 1417 3284; x_wconf 88' lang='lat' dir='ltr'>rint</span> <span class='ocrx_word' id='word_1_949' title='bbox 1442 3247 1576 3288; x_wconf 88' lang='lat' dir='ltr'>volita,</span> <span class='ocrx_word' id='word_1_950' title='bbox 1601 3246 1635 3280; x_wconf 88' lang='lat'>&amp;</span> <span class='ocrx_word' id='word_1_951' title='bbox 1670 3243 1860 3278; x_wconf 81' lang='lat' dir='ltr'>ordinata:</span> <span class='ocrx_word' id='word_1_952' title='bbox 1893 3243 2002 3289; x_wconf 84' lang='lat' dir='ltr'>igitur</span> <span class='ocrx_word' id='word_1_953' title='bbox 2038 3239 2315 3286; x_wconf 85' lang='lat' dir='ltr'>unumquodque</span> 
     </span>
     <span class='ocr_line' id='line_1_141' title="bbox 1349 3289 2318 3337; baseline -0.012 -3"><span class='ocrx_word' id='word_1_954' title='bbox 1349 3298 1488 3334; x_wconf 89' lang='lat' dir='ltr'>entium</span> <span class='ocrx_word' id='word_1_955' title='bbox 1503 3294 1728 3331; x_wconf 83' lang='lat' dir='ltr'>conditorum</span> <span class='ocrx_word' id='word_1_956' title='bbox 1752 3292 1950 3327; x_wconf 80' lang='lat' dir='ltr'>subdivinae</span> <span class='ocrx_word' id='word_1_957' title='bbox 1975 3289 2200 3337; x_wconf 66' lang='lat' dir='ltr'>providentiae</span> <span class='ocrx_word' id='word_1_958' title='bbox 2230 3292 2318 3333; x_wconf 83' lang='lat' dir='ltr'>regi-</span> 
     </span>
     <span class='ocr_line' id='line_1_142' title="bbox 1349 3343 2320 3388; baseline -0.012 -5"><span class='ocrx_word' id='word_1_959' title='bbox 1349 3351 1440 3388; x_wconf 79' lang='lat' dir='ltr'>mine</span> <span class='ocrx_word' id='word_1_960' title='bbox 1455 3345 1566 3381; x_wconf 83' lang='lat' dir='ltr'>fixum</span> <span class='ocrx_word' id='word_1_961' title='bbox 1584 3372 1594 3386; x_wconf 82' lang='grc'><em>,</em></span> <span class='ocrx_word' id='word_1_962' title='bbox 1607 3343 1640 3377; x_wconf 87' lang='grc'>8(</span> <span class='ocrx_word' id='word_1_963' title='bbox 1659 3343 1836 3377; x_wconf 87' lang='lat' dir='ltr'>immobile</span> <span class='ocrx_word' id='word_1_964' title='bbox 1852 3344 2053 3377; x_wconf 87' lang='lat' dir='ltr'>continetur</span> <span class='ocrx_word' id='word_1_965' title='bbox 2067 3365 2076 3380; x_wconf 89' lang='lat'>,</span> <span class='ocrx_word' id='word_1_966' title='bbox 2108 3350 2152 3373; x_wconf 84' lang='lat' dir='ltr'>ex</span> <span class='ocrx_word' id='word_1_967' title='bbox 2172 3349 2243 3383; x_wconf 83' lang='lat' dir='ltr'>quo</span> <span class='ocrx_word' id='word_1_968' title='bbox 2259 3349 2320 3372; x_wconf 86' lang='lat' dir='ltr'>ne-</span> 
     </span>
     <span class='ocr_line' id='line_1_143' title="bbox 1348 3386 2317 3437; baseline -0.013 -4"><span class='ocrx_word' id='word_1_969' title='bbox 1348 3399 1435 3433; x_wconf 87' lang='lat' dir='ltr'>mini</span> <span class='ocrx_word' id='word_1_970' title='bbox 1449 3406 1573 3431; x_wconf 88' lang='lat' dir='ltr'>eorum</span> <span class='ocrx_word' id='word_1_971' title='bbox 1590 3395 1695 3429; x_wconf 84' lang='lat' dir='ltr'>liceat</span> <span class='ocrx_word' id='word_1_972' title='bbox 1711 3392 1808 3437; x_wconf 79' lang='lat' dir='ltr'>leges</span> <span class='ocrx_word' id='word_1_973' title='bbox 1822 3390 1882 3426; x_wconf 85' lang='lat' dir='ltr'>sibi</span> <span class='ocrx_word' id='word_1_974' title='bbox 1903 3392 1920 3426; x_wconf 74' lang='grc' dir='ltr'>ἐι</span> <span class='ocrx_word' id='word_1_975' title='bbox 1935 3391 2066 3425; x_wconf 85' lang='lat' dir='ltr'>summo</span> <span class='ocrx_word' id='word_1_976' title='bbox 2085 3386 2317 3428; x_wconf 56' lang='lat' dir='ltr'>conditore&amp;</span> 
     </span>
     <span class='ocr_line' id='line_1_144' title="bbox 1348 3435 2320 3490; baseline -0.013 -8"><span class='ocrx_word' id='word_1_977' title='bbox 1348 3447 1487 3482; x_wconf 60' lang='lat' dir='ltr'>restore</span> <span class='ocrx_word' id='word_1_978' title='bbox 1504 3443 1667 3490; x_wconf 74' lang='lat' dir='ltr'>praefixas</span> <span class='ocrx_word' id='word_1_979' title='bbox 1680 3469 1690 3484; x_wconf 89' lang='lat'>,</span> <span class='ocrx_word' id='word_1_980' title='bbox 1703 3453 1743 3476; x_wconf 87' lang='lat' dir='ltr'>ne</span> <span class='ocrx_word' id='word_1_981' title='bbox 1753 3441 1932 3477; x_wconf 73' lang='lat' dir='ltr'>tantillum</span> <span class='ocrx_word' id='word_1_982' title='bbox 1947 3437 2091 3485; x_wconf 82' lang='lat' dir='ltr'>quidem</span> <span class='ocrx_word' id='word_1_983' title='bbox 2111 3435 2320 3480; x_wconf 77' lang='lat' dir='ltr'>transgredi,</span> 
     </span>
     <span class='ocr_line' id='line_1_145' title="bbox 1348 3485 2322 3543; baseline -0.012 -11"><span class='ocrx_word' id='word_1_984' title='bbox 1348 3497 1382 3532; x_wconf 88' lang='grc'>8(</span> <span class='ocrx_word' id='word_1_985' title='bbox 1400 3494 1626 3543; x_wconf 69' lang='lat' dir='ltr'>praevaricari</span> <span class='ocrx_word' id='word_1_986' title='bbox 1645 3507 1654 3534; x_wconf 75' lang='grc' dir='ltr'><strong>ς</strong></span> <span class='ocrx_word' id='word_1_987' title='bbox 1672 3490 1799 3526; x_wconf 67' lang='lat' dir='ltr'>cuneta</span> <span class='ocrx_word' id='word_1_988' title='bbox 1818 3502 1905 3537; x_wconf 87' lang='lat' dir='ltr'>ergo</span> <span class='ocrx_word' id='word_1_989' title='bbox 1923 3486 2176 3525; x_wconf 64' lang='lat' dir='ltr'>evidentissime</span> <span class='ocrx_word' id='word_1_990' title='bbox 2193 3485 2322 3520; x_wconf 78' lang='lat' dir='ltr'>divinae</span> 
     </span>
     <span class='ocr_line' id='line_1_146' title="bbox 1349 3535 2322 3595; baseline -0.01 -15"><span class='ocrx_word' id='word_1_991' title='bbox 1349 3543 1584 3595; x_wconf 80' lang='lat' dir='ltr'>providentiae</span> <span class='ocrx_word' id='word_1_992' title='bbox 1600 3541 1817 3583; x_wconf 85' lang='lat' dir='ltr'>subduntur,</span> <span class='ocrx_word' id='word_1_993' title='bbox 1836 3539 1855 3575; x_wconf 78' lang='lat' dir='ltr'>a</span> <span class='ocrx_word' id='word_1_994' title='bbox 1871 3551 1939 3586; x_wconf 87' lang='lat' dir='ltr'>qua</span> <span class='ocrx_word' id='word_1_995' title='bbox 1957 3535 2080 3584; x_wconf 79' lang='lat' dir='ltr'>&amp;jussa</span> <span class='ocrx_word' id='word_1_996' title='bbox 2099 3537 2174 3570; x_wconf 87' lang='lat' dir='ltr'>sunt</span> <span class='ocrx_word' id='word_1_997' title='bbox 2189 3547 2322 3590; x_wconf 71' lang='lat' dir='ltr'>corpo-</span> 
     </span>
     <span class='ocr_line' id='line_1_147' title="bbox 1349 3584 2323 3640; baseline -0.012 -10"><span class='ocrx_word' id='word_1_998' title='bbox 1349 3607 1389 3630; x_wconf 85' lang='lat' dir='ltr'>ra</span> <span class='ocrx_word' id='word_1_999' title='bbox 1407 3595 1584 3640; x_wconf 83' lang='lat' dir='ltr'>superiora</span> <span class='ocrx_word' id='word_1_1000' title='bbox 1598 3591 1668 3626; x_wconf 83' lang='lat' dir='ltr'>istis</span> <span class='ocrx_word' id='word_1_1001' title='bbox 1684 3590 1906 3625; x_wconf 87' lang='lat' dir='ltr'>inferioribus</span> <span class='ocrx_word' id='word_1_1002' title='bbox 1917 3587 2089 3634; x_wconf 84' lang='lat' dir='ltr'>opitulari</span> <span class='ocrx_word' id='word_1_1003' title='bbox 2104 3613 2114 3628; x_wconf 92' lang='lat'>,</span> <span class='ocrx_word' id='word_1_1004' title='bbox 2139 3584 2172 3619; x_wconf 88' lang='lat'>&amp;</span> <span class='ocrx_word' id='word_1_1005' title='bbox 2189 3585 2256 3619; x_wconf 82' lang='lat' dir='ltr'>suis</span> <span class='ocrx_word' id='word_1_1006' title='bbox 2272 3588 2323 3619; x_wconf 74' lang='lat' dir='ltr'>in-</span> 
     </span>
     <span class='ocr_line' id='line_1_148' title="bbox 1350 3633 2325 3687; baseline -0.013 -6"><span class='ocrx_word' id='word_1_1007' title='bbox 1350 3644 1509 3681; x_wconf 71' lang='lat' dir='ltr'>fluxibus</span> <span class='ocrx_word' id='word_1_1008' title='bbox 1524 3640 1697 3687; x_wconf 80' lang='lat' dir='ltr'>adjuvare</span> <span class='ocrx_word' id='word_1_1009' title='bbox 1711 3667 1720 3682; x_wconf 86' lang='lat'><em>‚</em></span> <span class='ocrx_word' id='word_1_1010' title='bbox 1743 3648 1914 3686; x_wconf 80' lang='lat' dir='ltr'>tanquam</span> <span class='ocrx_word' id='word_1_1011' title='bbox 1934 3636 2046 3671; x_wconf 82' lang='lat' dir='ltr'>media</span> <span class='ocrx_word' id='word_1_1012' title='bbox 2061 3644 2260 3681; x_wconf 82' lang='lat' dir='ltr'>praeparata</span> <span class='ocrx_word' id='word_1_1013' title='bbox 2277 3633 2325 3669; x_wconf 85' lang='lat' dir='ltr'>ad</span> 
     </span>
     <span class='ocr_line' id='line_1_149' title="bbox 1355 3688 2326 3739; baseline -0.011 -10"><span class='ocrx_word' id='word_1_1014' title='bbox 1355 3694 1662 3739; x_wconf 83' lang='lat' dir='ltr'>consequutionem</span> <span class='ocrx_word' id='word_1_1015' title='bbox 1681 3689 1800 3724; x_wconf 85' lang='lat' dir='ltr'>finium</span> <span class='ocrx_word' id='word_1_1016' title='bbox 1817 3689 1859 3723; x_wconf 80' lang='lat' dir='ltr'>ab</span> <span class='ocrx_word' id='word_1_1017' title='bbox 1874 3688 1929 3722; x_wconf 80' lang='lat' dir='ltr'>illa</span> <span class='ocrx_word' id='word_1_1018' title='bbox 1948 3688 2180 3726; x_wconf 86' lang='lat' dir='ltr'>intentorum,</span> <span class='ocrx_word' id='word_1_1019' title='bbox 2199 3696 2326 3731; x_wconf 81' lang='lat' dir='ltr'>quam-</span> 
     </span>
     <span class='ocr_line' id='line_1_150' title="bbox 1357 3735 2324 3788; baseline -0.011 -8"><span class='ocrx_word' id='word_1_1020' title='bbox 1357 3747 1413 3780; x_wconf 86' lang='lat' dir='ltr'>vis</span> <span class='ocrx_word' id='word_1_1021' title='bbox 1434 3752 1681 3788; x_wconf 85' lang='lat' dir='ltr'>nonnunquam</span> <span class='ocrx_word' id='word_1_1022' title='bbox 1699 3750 1746 3776; x_wconf 83' lang='lat' dir='ltr'>ex</span> <span class='ocrx_word' id='word_1_1023' title='bbox 1761 3737 1928 3773; x_wconf 91' lang='lat' dir='ltr'>concursu</span> <span class='ocrx_word' id='word_1_1024' title='bbox 1946 3736 2129 3770; x_wconf 78' lang='lat' dir='ltr'>causarum</span> <span class='ocrx_word' id='word_1_1025' title='bbox 2150 3745 2273 3770; x_wconf 91' lang='lat' dir='ltr'>mutuo</span> <span class='ocrx_word' id='word_1_1026' title='bbox 2295 3735 2324 3769; x_wconf 79' lang='lat' dir='ltr'>st:</span> 
     </span>
     <span class='ocr_line' id='line_1_151' title="bbox 1357 3785 2324 3840; baseline -0.012 -9"><span class='ocrx_word' id='word_1_1027' title='bbox 1357 3795 1388 3831; x_wconf 90' lang='lat' dir='ltr'>se</span> <span class='ocrx_word' id='word_1_1028' title='bbox 1406 3790 1674 3840; x_wconf 85' lang='lat' dir='ltr'>impedientium</span> <span class='ocrx_word' id='word_1_1029' title='bbox 1689 3789 1804 3825; x_wconf 86' lang='lat' dir='ltr'>abillo</span> <span class='ocrx_word' id='word_1_1030' title='bbox 1832 3787 1897 3825; x_wconf 88' lang='lat' dir='ltr'>fine</span> <span class='ocrx_word' id='word_1_1031' title='bbox 1923 3785 2114 3828; x_wconf 85' lang='lat' dir='ltr'>excidant,</span> <span class='ocrx_word' id='word_1_1032' title='bbox 2137 3795 2246 3832; x_wconf 89' lang='lat' dir='ltr'>atque</span> <span class='ocrx_word' id='word_1_1033' title='bbox 2271 3787 2324 3819; x_wconf 81' lang='lat' dir='ltr'>ita</span> 
     </span>
    </p>

    <p class='ocr_par' dir='ltr' id='par_1_23' title="bbox 2191 3844 2277 3870">
     <span class='ocr_line' id='line_1_152' title="bbox 2191 3844 2277 3870; baseline -0.023 0"><span class='ocrx_word' id='word_1_1034' title='bbox 2191 3844 2277 3870; x_wconf 79' lang='lat' dir='ltr'>eve-</span> 
     </span>
    </p>
   </div>
   <div class='ocr_carea' id='block_1_16' title="bbox 2329 1381 2543 1472">
    <p class='ocr_par' dir='ltr' id='par_1_24' title="bbox 2329 1381 2543 1472">
     <span class='ocr_line' id='line_1_153' title="bbox 2329 1381 2538 1413; baseline 0.005 -9"><span class='ocrx_word' id='word_1_1035' title='bbox 2329 1386 2352 1404; x_wconf 76' lang='grc'>1.</span> <span class='ocrx_word' id='word_1_1036' title='bbox 2365 1381 2420 1406; x_wconf 72' lang='lat' dir='ltr'>(lill-</span> <span class='ocrx_word' id='word_1_1037' title='bbox 2439 1391 2460 1413; x_wconf 86' lang='lat'>3·</span> <span class='ocrx_word' id='word_1_1038' title='bbox 2473 1391 2498 1412; x_wconf 75' lang='lat' dir='ltr'>q,</span> <span class='ocrx_word' id='word_1_1039' title='bbox 2511 1388 2538 1411; x_wconf 75' lang='grc' dir='ltr'>ς.</span> 
     </span>
     <span class='ocr_line' id='line_1_154' title="bbox 2333 1414 2543 1448; baseline 0.005 -9"><span class='ocrx_word' id='word_1_1040' title='bbox 2333 1414 2357 1445; x_wconf 60' lang='grc'>9-</span> <span class='ocrx_word' id='word_1_1041' title='bbox 2392 1418 2543 1448; x_wconf 62' lang='lat' dir='ltr'>Angustia-5</span> 
     </span>
     <span class='ocr_line' id='line_1_155' title="bbox 2334 1447 2420 1472; baseline -0.012 0"><span class='ocrx_word' id='word_1_1042' title='bbox 2334 1447 2400 1472; x_wconf 59' lang='lat' dir='ltr'>Adri</span> <span class='ocrx_word' id='word_1_1043' title='bbox 2413 1462 2420 1471; x_wconf 86' lang='lat'>.</span> 
     </span>
    </p>
   </div>
   <div class='ocr_carea' id='block_1_17' title="bbox 2345 2769 2557 2867">
    <p class='ocr_par' dir='ltr' id='par_1_25' title="bbox 2345 2769 2557 2867">
     <span class='ocr_line' id='line_1_156' title="bbox 2347 2769 2557 2802; baseline 0 -11"><span class='ocrx_word' id='word_1_1044' title='bbox 2347 2769 2427 2802; x_wconf 78' lang='lat' dir='ltr'>3.di:‘t.</span> <span class='ocrx_word' id='word_1_1045' title='bbox 2443 2776 2466 2796; x_wconf 69' lang='lat'>:2</span> <span class='ocrx_word' id='word_1_1046' title='bbox 2477 2769 2515 2794; x_wconf 54' lang='grc' dir='ltr'>,ἃ</span> <span class='ocrx_word' id='word_1_1047' title='bbox 2525 2769 2557 2792; x_wconf 64' lang='grc' dir='ltr'>«ἔς</span> 
     </span>
     <span class='ocr_line' id='line_1_157' title="bbox 2347 2804 2550 2832; baseline -0.015 -5"><span class='ocrx_word' id='word_1_1048' title='bbox 2347 2809 2436 2827; x_wconf 78' lang='lat' dir='ltr'>rerum</span> <span class='ocrx_word' id='word_1_1049' title='bbox 2448 2804 2550 2832; x_wconf 45' lang='lat' dir='ltr'>prinei?</span> 
     </span>
     <span class='ocr_line' id='line_1_158' title="bbox 2345 2843 2398 2867; baseline 0.019 -1"><span class='ocrx_word' id='word_1_1050' title='bbox 2345 2843 2398 2867; x_wconf 66' lang='grc' dir='ltr'>ΨΒ·</span> 
     </span>
    </p>
   </div>
   <div class='ocr_carea' id='block_1_18' title="bbox 2349 3058 2567 3152">
    <p class='ocr_par' dir='ltr' id='par_1_26' title="bbox 2349 3058 2567 3152">
     <span class='ocr_line' id='line_1_159' title="bbox 2349 3058 2562 3092; baseline -0.005 -8"><span class='ocrx_word' id='word_1_1051' title='bbox 2349 3061 2504 3092; x_wconf 40' lang='lat' dir='ltr'>quiin-⁴931·</span> <span class='ocrx_word' id='word_1_1052' title='bbox 2514 3058 2562 3084; x_wconf 63' lang='grc' dir='ltr'>Μ.</span> 
     </span>
     <span class='ocr_line' id='line_1_160' title="bbox 2351 3093 2562 3126; baseline 0.005 -8"><span class='ocrx_word' id='word_1_1053' title='bbox 2351 3095 2461 3126; x_wconf 67' lang='lat' dir='ltr'>Alpi-m</span> <span class='ocrx_word' id='word_1_1054' title='bbox 2472 3100 2531 3123; x_wconf 54' lang='lat' dir='ltr'>:que</span> <span class='ocrx_word' id='word_1_1055' title='bbox 2540 3093 2562 3114; x_wconf 63' lang='grc' dir='ltr'>Ὶ·</span> 
     </span>
     <span class='ocr_line' id='line_1_161' title="bbox 2350 3127 2567 3152; baseline -0.014 -2"><span class='ocrx_word' id='word_1_1056' title='bbox 2350 3129 2373 3152; x_wconf 91' lang='lat' dir='ltr'>V</span> <span class='ocrx_word' id='word_1_1057' title='bbox 2408 3127 2490 3150; x_wconf 68' lang='lat' dir='ltr'>Tritia</span> <span class='ocrx_word' id='word_1_1058' title='bbox 2509 3129 2567 3147; x_wconf 79' lang='lat' dir='ltr'>con·</span> 
     </span>
    </p>
   </div>
   <div class='ocr_carea' id='block_1_19' title="bbox 2351 3160 2441 3191">
    <p class='ocr_par' dir='ltr' id='par_1_27' title="bbox 2351 3160 2441 3191">
     <span class='ocr_line' id='line_1_162' title="bbox 2351 3160 2441 3191; baseline 0 -8"><span class='ocrx_word' id='word_1_1059' title='bbox 2351 3160 2422 3191; x_wconf 42' lang='lat' dir='ltr'>elusi-²0</span> <span class='ocrx_word' id='word_1_1060' title='bbox 2433 3173 2441 3183; x_wconf 66' lang='grc' dir='ltr'><strong><em>ο</em></strong></span> 
     </span>
    </p>
   </div>
   <div class='ocr_carea' id='block_1_20' title="bbox 2647 784 2666 1333">
    <p class='ocr_par' dir='ltr' id='par_1_28' title="bbox 2647 784 2666 1333">
     <span class='ocr_line' id='line_1_163' title="bbox 2647 784 2666 1333; textangle 90"><span class='ocrx_word' id='word_1_1061' title='bbox 2655 1325 2659 1333; x_wconf 85' lang='grc'><strong>”</strong></span> <span class='ocrx_word' id='word_1_1062' title='bbox 2656 1229 2666 1306; x_wconf 53' lang='grc' dir='ltr'>’,ὲ-</span> <span class='ocrx_word' id='word_1_1063' title='bbox 2656 1128 2664 1197; x_wconf 58' lang='grc' dir='ltr'>-ο--έ</span> <span class='ocrx_word' id='word_1_1064' title='bbox 2651 827 2664 1104; x_wconf 39' lang='grc' dir='ltr'>“-.--.-’-04-’“ᾒ“</span> <span class='ocrx_word' id='word_1_1065' title='bbox 2647 784 2655 801; x_wconf 52' lang='lat'>‘⁴</span> 
     </span>
    </p>
   </div>
   <div class='ocr_carea' id='block_1_21' title="bbox 2650 1712 2665 1826">
    <p class='ocr_par' dir='ltr' id='par_1_29' title="bbox 2650 1712 2665 1826">
     <span class='ocr_line' id='line_1_164' title="bbox 2650 1712 2665 1826; textangle 90"><span class='ocrx_word' id='word_1_1066' title='bbox 2650 1712 2665 1826; x_wconf 42' lang='lat'>„„„-,‘;</span> 
     </span>
    </p>
   </div>
   <div class='ocr_carea' id='block_1_22' title="bbox 2650 1871 2660 1972">
    <p class='ocr_par' dir='ltr' id='par_1_30' title="bbox 2650 1871 2660 1972">
     <span class='ocr_line' id='line_1_165' title="bbox 2650 1871 2660 1972; textangle 90"><span class='ocrx_word' id='word_1_1067' title='bbox 2650 1892 2660 1972; x_wconf 44' lang='grc' dir='ltr'>’.μυ</span> <span class='ocrx_word' id='word_1_1068' title='bbox 2656 1871 2657 1875; x_wconf 33' lang='grc' dir='ltr'><em>Α</em></span> 
     </span>
    </p>
   </div>
  </div>
 </body>
</html>
