2583 4109
989 90 1172 157 (XV.)

41 227 145 261 mm,
166 213 256 253 adso*
267 208 842 267 intfftemdneorrtqitamque,
868 218 913 251 ut
925 222 997 250 non
1008 208 1083 267 nist
1093 220 1301 253 extremum
1316 211 1399 267 nasi
1404 213 1679 259 desideraretur
1707 248 1718 260 .
1754 219 1875 262 Porro*
1888 219 2057 274 ‘manau'

39 286 131 332 quas
141 268 353 326 aduersarii
365 266 485 325 erostzs
497 268 737 309 mentiuntur
748 297 760 317 ‚
771 277 850 308 tam
864 269 987 323 vividg
1004 298 1015 317 ,
1029 280 1107 309 tam
1120 271 1270 325 intcgrf
1283 299 1294 319 ,
1321 264 1560 329 omnibusque
1570 277 1698 331 digitis
1716 278 1876 321 inteorc's
1889 281 2057 338 constam-

38 344 91 374 κς
104 360 115 379 ,
147 340 191 371 ut
207 331 318 370 ctiam
328 341 418 381 vens
429 356 440 376 ‚
466 325 522 374 (53-
534 327 645 369 nervi
650 328 752 384 pelle
762 356 773 375 ‚
799 325 854 373 (jv
867 327 1046 370 carnibus
1060 330 1203 385 operti,
1219 329 1556 388 extuberantcsqae
1572 318 1832 390 vilg’fherin‘s.
1864 338 1906 380 ln
1922 355 2056 382 earum

39 391 151 434 unius
164 389 276 443 dagila
291 395 374 427 erat
387 383 951 443 anmeluspontljzbitcsstzpphiro
966 387 1066 427 dives
1082 416 1093 437 ‚
1119 401 1228 444 quem
1245 381 1460 430 cardinalis
1479 390 1675 442 cajetanus
1681 397 1808 452 pretio
1824 407 1973 440 centum
1985 415 2055 441 au-

37 463 187 493 reorum
196 448 278 487 dato
291 445 444 486 redimit
460 476 468 485 .
484 446 521 486 Si
535 458 633 498 ergo
649 446 682 485 ei
695 448 880 499 exemplo
895 445 1098 486 manifesto
1115 474 1127 495 ‚
1141 448 1180 486 ἃ,
1192 446 1345 501 publica
1357 442 1597 502 experientia
1614 465 1866 506 compertum
1881 456 1952 498 fuit
1970 487 1981 507 ,
2012 460 2052 500 in

36 505 251 563 hujusmodi
265 505 464 545 calumniis
480 505 712 558 praevaluisse
724 505 843 546 animi
863 503 1049 558 paffiones
1061 534 1074 555 ‚
1088 515 1131 547 ut
1144 507 1305 559 quidam
1320 507 1360 548 in
1375 509 1542 562 gratiam
1560 510 1724 566 Philippi
1739 513 1896 555 Pulchri
1909 517 2053 557 Gallo..

37 581 124 609 rum
138 564 255 618 Regis
272 592 283 611 ,
300 573 363 604 aut
375 562 703 605 Columnensium
719 593 730 612 ,
746 563 935 605 Bonifacii
951 562 1204 607 inimicorum
1218 594 1229 616 ,
1242 578 1303 606 eas
1317 566 1482 621 indigne
1498 567 1747 617 effinxerint3
1774 585 1844 612 cur
1861 574 2053 617 easdem-.-

33 629 70 669 in
87 621 374 666 nominatifiimi
389 623 461 664 viri
476 652 487 672 ,
499 625 538 663 ὅ(
555 622 804 664 celeberrimi
822 624 1006 666 DoCtoris
1022 624 1203 678 inJuriam
1215 624 1359 666 effistas
1373 654 1385 676 ,
1397 640 1480 668 non
1493 627 1620 680 potius
1638 627 1838 679 refellerit,
1850 621 1974 686 quam
1990 647 2049 675 re.

33 685 185 732 tulerit,
202 692 266 722 aut
282 693 470 735 tanquam
486 680 619 723 dubias
635 682 762 735 potius
777 680 928 725 silentio
939 683 1152 725 involverit
1164 712 1176 734 ,
1192 684 1316 738 quam
1334 683 1402 726 suo
1415 685 1647 740 probaverit
1659 687 1803 739 judicio
1819 689 1828 729 !

89 745 175 784 XL.
207 742 338 794 Atque
355 740 404 781 ad
418 742 593 795 primum
611 742 836 782 Authorem
869 743 1023 784 lovium
1041 743 1198 784 redeam
1213 761 1224 793 3
1250 744 1430 785 admiror
1444 744 1531 787 sane
1549 746 1652 787 unde
1667 747 1826 790 exorsus
1853 749 1907 791 est
1919 749 2051 805 hujus-

29 802 139 845 modi
153 800 348 850 fabellam,
362 814 490 852 neque
503 800 610 849 scire,
625 811 690 840 aut
701 801 932 854 perscrutari
945 802 1052 854 potui
1068 802 1171 843 unde
1189 801 1506 854 fundamentum,
1523 815 1588 846 aut
1603 805 1851 849 occasionem
1869 810 2044 862 aliquam
2083 813 2165 842 vnde
2178 816 2293 846 calum-

28 863 192 905 eandem
208 858 400 901 scribendi
415 858 616 901 desumere
633 858 785 901 licuerit
808 891 817 900 .
846 860 930 901 Nisi
943 859 1097 901 fortasse
1109 868 1176 911 ea,
1208 876 1286 916 qua
1302 863 1524 905 universam
1539 863 1645 906 suam
1673 865 1874 909 historiam
1889 867 1972 909 usus
1988 870 2043 914 est
2081 855 2256 926 Tisna-m

30 919 206 976 fingendi
223 919 395 969 licentia,
424 918 619 968 voluerit,
646 932 733 972 quae
748 920 796 960 de
808 923 973 961 Zenone
989 920 1120 962 Isauro
1138 923 1385 975 Imperatore
1400 924 1492 977 legit
1508 953 1520 974 ,
1549 924 1670 965 Scoto
1684 925 1801 966 etiam
1819 926 1861 967 in
1886 927 2044 977 alicujus
2081 907 2202 971 viui?
2232 901 2292 942 7⁶⁹

28 981 191 1038 gratiam
205 977 380 1032 adfigere
392 1009 401 1018 .
416 980 513 1019 Haec
524 979 630 1018 enim
645 977 720 1032 ipsa
734 1008 746 1028 ,
760 993 845 1033 quae
860 979 909 1019 de
923 980 1024 1020 Scoti
1040 981 1167 1022 Iovius
1185 979 1320 1030 refert,
1332 980 1476 1035 scripsit
1489 984 1608 1024 etiam
1622 984 1814 1038 Evagrius
1827 988 1890 1039 (a)
1902 986 1951 1030 de
1968 990 2044 1029 Ze·-
2082 985 2293 1033 Zenonistfiw..

28 1053 133 1082 none
149 1068 160 1079 .
188 1039 338 1080 Narrat
350 1050 396 1078 ex
413 1040 489 1079 hoc
503 1038 684 1077 Authore
698 1038 888 1081 Baronius
903 1038 972 1088 [b]
984 1067 996 1089 ‚
1025 1040 1211 1080 comitiali
1224 1039 1373 1081 morbo
1386 1069 1398 1089 ,
1412 1054 1495 1094 quo
1510 1042 1659 1084 crebro
1675 1043 1903 1097 laborabat,
1929 1059 2042 1087 arre-
2082 1037 2236 1112 r'c'anff'gga
2263 1086 2279 1099 ⁶

27 1111 136 1157 ptum
151 1127 163 1148 ,
176 1110 251 1153 pro
263 1107 427 1138 mortuo
441 1095 617 1139 habitum
642 1126 653 1146 ,
669 1098 804 1139 vivum
819 1097 1011 1152 sepultum
1020 1098 1113 1139 esse:
1129 1098 1221 1140 cum
1237 1103 1336 1141 vero
1350 1099 1372 1141 e
1389 1100 1567 1153 sepulcro
1579 1102 1885 1146 lamentabiliter
1896 1105 2040 1148 dome·
2075 1085 2293 1154 Iungam-ilii:

25 1161 134 1203 sticos
147 1186 160 1208 ,
171 1159 211 1198 &
223 1155 395 1198 satellites
409 1156 645 1210 imploraret
656 1185 667 1206 ,
683 1156 896 1211 prohibent
911 1157 1083 1200 Ariadua
1096 1171 1222 1198 uxore
1237 1187 1248 1208 ‚
1263 1160 1323 1199 cui
1336 1159 1476 1201 invisus
1490 1160 1561 1201 esse
1573 1172 1748 1216 coeperat
1759 1191 1772 1213 ‚
1785 1177 1834 1206 ne
1848 1156 1934 1218 quis
1949 1179 2039 1206 mo,
2104 1160 2162 1200 Cb]
2177 1159 2288 1191 Barou-

24 1227 256 1261 numentum
268 1216 438 1270 aperiret
454 1245 465 1265 ,
481 1214 619 1259 misere
632 1217 769 1270 periit,
785 1216 855 1258 suis
886 1215 996 1271 ipfius
1010 1217 1162 1257 lacertis
1178 1245 1189 1266 ,
1206 1219 1244 1258 &
1259 1218 1388 1272 caligis
1402 1247 1414 1269 ‚
1433 1232 1528 1273 quas
1545 1220 1717 1276 gestabat
1729 1250 1741 1271 ,
1757 1224 1936 1265 comestis
1951 1253 1963 1272 ,
1993 1235 2036 1266 ut
2073 1202 2134 1273 ξω
2148 1213 2221 1239 ⁴⁹¹'
2234 1215 2289 1235 Μ’

23 1277 102 1334 post
113 1286 364 1331 compertum
381 1275 452 1317 esse
464 1276 669 1319 Cedrenus
680 1279 739 1326 (c)
756 1286 912 1317 narrat.
926 1276 1037 1330 Qid
1050 1275 1221 1329 fijovius
1235 1291 1309 1331 pro
1320 1277 1388 1318 suo
1405 1279 1572 1320 arbitrio
1588 1308 1601 1329 ,
1614 1279 1847 1322 &libertate
1861 1281 2034 1324 scriben-
2070 1268 2122 1330 (ἑ)
2151 1290 2284 1320 Cedren.

22 1338 59 1379 di
72 1339 232 1379 Scotum
243 1334 355 1376 nobis
371 1349 450 1390 pro
465 1337 630 1378 Zenone
643 1334 832 1390 supponat
846 1339 863 1377 ἒ
877 1337 958 1377 Aut
975 1337 1181 1378 hominem
1195 1336 1304 1391 pium
1319 1366 1332 1388 ‚
1360 1336 1430 1380 fibi
1445 1347 1578 1380 tamen
1590 1367 1605 1389 ‚
1634 1339 1694 1381 vel
1711 1338 1781 1382 suis
1792 1339 2035 1393 infensum,
2069 1332 2284 1384 ³¹¹.f·³0¹¹‘1³‘³¹¹d'

21 1397 228 1450 denigrare
241 1395 454 1436 contendat
481 1393 615 1435 infami
634 1405 765 1436 morte
780 1394 1052 1439 sceleratissimi
1066 1398 1240 1438 Zenonis
1253 1427 1263 1438 .
2067 1376 2180 1409 H¹¹i⁰²

75 1457 183 1498 XLI.
214 1454 320 1508 Qid
349 1453 377 1495 si
403 1455 558 1495 aliunde
583 1453 744 1501 fortassis
775 1467 892 1495 error
908 1455 995 1506 hic,
1020 1468 1070 1498 ex
1097 1457 1175 1497 alio
1204 1467 1364 1499 exortus
1393 1459 1446 1500 est
1474 1458 1647 1508 maiori?
1670 1459 1957 1503 Sanstiffimum
1974 1462 2038 1503 in-

20 1515 136 1559 venio
147 1514 279 1557 virum
292 1515 504 1557 Geronem
518 1542 529 1563 ,
559 1513 910 1569 Archiepiscopum
939 1516 1167 1561 Colonicns
1174 1530 1223 1558 m
1235 1516 1306 1571 [d]
1318 1517 1426 1571 cujux
1439 1519 1682 1561 elestioniex
1696 1521 1886 1575 Angelica
1902 1522 2034 1563 moni÷
2193 1563 2200 1571 ,
2251 1567 2258 1573 ‚

20 1577 128 1618 tione
159 1576 342 1617 Summus
366 1572 549 1614 Pontifex
572 1573 786 1623 consensit,
807 1576 847 1616 &
871 1575 1157 1617 consecrationi
1197 1576 1463 1621 interfuerunt
1487 1581 1551 1622 SS.
1584 1581 1748 1629 Petrus,
1784 1581 1824 1621 &
1853 1580 2035 1622 Ambro-
2067 1562 2279 1640 ἐᾙοῖῃξξῖω

19 1635 89 1678 fius
105 1664 119 1685 ‚
147 1631 563 1682 oleuminfundentes‚
589 1633 629 1673 in
646 1632 805 1675 extasim
832 1634 962 1676 actum
976 1663 988 1684 ,
1016 1637 1311 1691 haerentemque
1325 1637 1466 1681 diutius
1495 1638 1746 1681 immobilem
1771 1638 1795 1680 a
1819 1640 2035 1681 Vvalramo
2067 1648 2149 1692 sang.
2177 1630 2184 1639 ’
2238 1621 2281 1642 “⁸

19 1697 226 1743 Diacono,
244 1691 518 1750 Episcopatum
545 1691 743 1735 ambiente
762 1694 896 1737 vivum
923 1697 1160 1737 tumulatum
1183 1696 1254 1736 ess'e
1278 1727 1288 1737 .
1314 1699 1463 1739 Ductus
1488 1708 1624 1740 tamen
1648 1699 1745 1739 tanti
1771 1697 1920 1740 sceleris
1946 1713 2032 1754 poe-
2066 1693 2181 1743 efron·
2209 1695 2284 1729 ¹³⁸¹·-

19 1753 193 1798 nitudine
222 1753 457 1793 Vvalramus
485 1752 569 1807 post
596 1751 802 1796 obtentam
826 1751 1095 1809 Episcopalem
1115 1754 1254 1798 Sedem
1271 1784 1284 1806 ,
1314 1759 1491 1800 Romam
1519 1759 1650 1807 venit,
1674 1759 1714 1798 ὅ(
1729 1757 1753 1799 a
1782 1756 1973 1800 Pontifice
1989 1772 2034 1800 ea
2065 1748 2169 1819 {22¹³
2182 1740 2277 1773 A¹²¹¹⁰

18 1814 168 1858 ratione
193 1810 385 1853 absolutus
413 1812 465 1852 est
481 1840 492 1861 ,
517 1821 560 1854 ut
586 1822 651 1852 aut
662 1826 813 1854 novum
829 1813 1043 1855 institueret
1065 1815 1380 1869 Monasterium‚
1405 1827 1472 1861 aut
1487 1828 1595 1861 vetus
1607 1817 1768 1870 aliquod
1794 1818 1833 1857 in
1850 1816 1912 1860 sua
1928 1817 2030 1860 dioe-
2108 1824 2277 1858 musarde

17 1871 90 1916 cesi
103 1872 332 1913 instauraret
353 1900 363 1911 .
393 1870 640 1913 Coenobium
679 1873 810 1926 itaque
824 1874 874 1914 D.
891 1873 1250 1921 MartiniColoniae
1265 1878 1483 1931 reparavit,
1507 1878 1548 1919 ὃ(
1565 1876 1678 1919 bonis
1705 1876 1835 1919 multis
1856 1891 1932 1931 pro
1949 1880 2031 1920 Re-
2061 1867 2180 1941 fpistffl
2209 1870 2275 1901 Co-

17 1931 155 1988 }igiosis
165 1931 354 1974 exScotia
367 1931 664 1974 adventantibus
680 1932 830 1975 dotavit
855 1963 864 1974 .
889 1935 989 1976 Non
1013 1934 1215 1976 immerito
1231 1934 1634 1977 MatthaeusFerchius
1652 1939 1716 1989 [e]
1730 1936 1820 1979 hinc
1849 1937 2030 1991 prodiisse
2059 1923 2169 1986 Βῖῗᾉῃ,
2214 1958 2274 1988 An,

16 2003 121 2050 putat
133 2003 316 2033 errorem
341 2021 353 2032 .
380 1992 486 2032 Dum
511 1992 618 2033 enim
649 1992 937 2035 Monasterium
955 1995 1167 2035 Scotorum
1199 1994 1361 2035 audiunt
1390 1997 1622 2048 populares,
1643 1993 1698 2033 ob
1728 1995 1937 2039 hominem
1966 1999 2024 2039 vi-
2060 2002 2270 2036 965-Ger0nis

16 2066 108 2096 vum
129 2050 347 2106 sepultum,
371 2048 476 2092 fuisse
503 2051 771 2093 constructum
787 2081 799 2101 ,
825 2050 937 2094 facile
959 2052 1156 2107 suspicari,
1182 2064 1248 2094 aut
1275 2053 1351 2095 dici
1378 2052 1524 2106 posset,
1556 2055 1597 2094 &
1621 2053 1769 2107 vulgari
1795 2053 1921 2109 spargi
1962 2070 2027 2096 ru-
2059 2044 2207 2116 cstosl'fflfep·
2228 2100 2233 2104 ,

15 2124 129 2156 more
144 2140 156 2162 ‚
180 2110 682 2166 proptereailliperegrino
709 2111 858 2152 nationi
883 2112 1019 2154 datum
1047 2126 1170 2167 grave
1199 2113 1378 2154 Coloniae
1391 2112 1647 2156 Domicllium
1665 2140 1676 2161 ‚
1699 2111 1753 2152 ob
1769 2114 1942 2167 aliquem
1955 2112 2025 2157 sua:
2057 2097 2270 2169 (0⁰23ssch

15 2170 139 2227 gentis
162 2171 215 2212 ita
240 2168 400 2224 indigne
426 2169 620 2219 occisum,
649 2172 689 2212 &
713 2171 926 2213 crudeliter
953 2171 1131 2226 sepulcro
1148 2171 1286 2213 vivum
1300 2172 1488 2225 injectum
1519 2202 1530 2212 .
1555 2172 1617 2213 Sic
1631 2171 1763 2226 itaque
1779 2174 1943 2214 Scotum
1969 2176 2029 2217 vi-
2062 2181 2111 2202 ¹0·

15 2244 104 2274 vum
141 2231 376 2272 tumulatum
414 2227 517 2272 fuisse
557 2228 666 2270 facile
700 2231 807 2271 credi
849 2231 1000 2284 potuit,
1025 2233 1066 2272 ὃ(
1088 2231 1112 2272 ὲ
1137 2232 1226 2272 viro
1242 2230 1361 2272 Scoto
1395 2230 1446 2270 ad
1488 2232 1681 2274 Ioannem
1709 2232 1873 2275 Scotum
1910 2231 2024 2274 brevi

14 2288 184 2339 morbo,
210 2299 254 2330 ut
267 2302 360 2332 mox
373 2288 500 2331 dicam
515 2316 526 2337 ‚
555 2287 770 2338 sublatum,
794 2289 1000 2331 transferri
1024 2289 1234 2340 fabellam,
1263 2303 1311 2331 ex
1337 2302 1479 2338 errore
1506 2300 1746 2343 prognatam
1774 2322 1785 2332 .
1811 2294 1901 2347 Ego
1929 2293 2026 2334 mihi

14 2349 96 2392 [ine
109 2347 343 2403 persuadeo,
367 2349 491 2389 velex
503 2347 662 2390 dentato
678 2349 829 2390 calamo
843 2347 965 2399 Iovii,
989 2350 1113 2391 velex
1137 2349 1361 2404 ignorantia
1374 2348 1548 2403 quadam
1574 2348 1728 2404 supina,
1762 2364 1921 2393 merum
1947 2354 2025 2393 hoc

14 2407 187 2465 prodiiss'e
199 2408 436 2463 figmentum
451 2438 461 2448 .

62 2469 187 2510 XLII.
218 2468 338 2510 Aliud
364 2467 688 2510 honorificentius
729 2469 869 2511 mortis
897 2482 1043 2524 genus,
1069 2468 1231 2522 quidam
1256 2481 1305 2509 ex
1331 2470 1370 2510 S.
1399 2468 1650 2510 Bernardino
1679 2468 1838 2510 Senensi
1865 2471 2027 2526 excogi-
2074 2503 2089 2532 f
2137 2504 2169 2535 D

13 2537 142 2569 tarunt
156 2536 199 2569 ut
222 2528 437 2569 velutalter
465 2526 624 2585 Moyses
639 2539 819 2571 mortuus
845 2528 915 2578 fit,
930 2527 1091 2585 jubente
1106 2528 1267 2570 Domino
1287 2557 1297 2567 .
1322 2526 1398 2584 (f)
1409 2529 1556 2570 Dicunt
1582 2529 1688 2569 enim
1715 2528 1756 2569 in
1782 2528 1898 2571 extasi
1927 2544 2024 2571 con·
2057 2506 2263 2585 {Lyde-uter.

13 2588 179 2631 stitutum
195 2616 206 2637 ‚
227 2587 321 2628 dum
337 2587 425 2628 Deo
441 2586 639 2629 frueretur
654 2615 665 2637 ,
693 2601 741 2628 ex
769 2591 845 2630 hoc
869 2589 1021 2630 mundo
1044 2587 1226 2630 transiisse
1252 2587 1300 2627 ad
1315 2588 1473 2629 Patrem
1488 2616 1500 2637 ‚
1524 2587 1811 2629 &afratribus
1829 2589 1939 2641 hujus
1964 2590 2019 2634 rei
2085 2592 2263 2642 Di'tuvfalii

5 2647 151 2702 *ignaris
165 2648 215 2688 ita
228 2647 488 2696 tumulamur,
517 2661 595 2701 qua
623 2648 773 2689 ratione
801 2649 925 2702 paries
952 2647 1234 2689 intermedium
1258 2645 1453 2691 dissolutus
1465 2647 1541 2696 est,
1566 2656 1609 2688 ut
1622 2648 1815 2701 quiantea
1841 2649 1931 2689 Deo
1945 2663 2018 2703 per
2051 2634 2262 2717 ἕῗὶζζῖὦξηεζ.

12 2705 225 2748 altissimam
251 2707 627 2760 contemplationem
657 2706 890 2757 uniebatur,
913 2707 1042 2748 eidem
1067 2705 1211 2760 absque
1249 2707 1375 2747 carnis
1417 2706 1703 2760 impedimento
1728 2706 1900 2748 intimius
1921 2722 2020 2749 con-
2074 2699 2122 2760 [ς’]
2141 2701 2261 2752 Pseudo·

12 2767 237 2822 iungeretur
249 2779 320 2820 per
330 2767 500 2820 gloriam
527 2796 537 2806 .
562 2765 696 2807 Verba
710 2781 796 2820 quae
809 2780 856 2807 ex
870 2767 1121 2809 Bernardino
1135 2764 1426 2816 transcribunt,
1449 2765 1606 2806 subiicio
1621 2771 1681 2821 [g
1694 2771 1716 2816 ]
1731 2766 1887 2823 Oportet
1886 2765 2015 2826 fitble.
2050 2765 2239 2822 Bernartius·

11 2839 100 2868 vare
125 2833 282 2867 mentem
306 2826 356 2866 ab
384 2824 462 2883 istis
481 2822 724 2883 stnficalibus
752 2827 805 2866 ad
830 2824 1060 2884 inss’nsualia
1072 2855 1084 2875 ,
1099 2823 1203 2880 ficut
1217 2825 1355 2867 accidit
1383 2823 1582 2881 Magistro
1612 2824 1753 2867 subtili
1783 2827 1901 2867 Scoto
1916 2855 1928 2875 ,
1952 2828 2021 2885 qui
2047 2807 2259 2893 ἷῑζὲζζῑῐρξζζ

11 2884 84 2927 ficit
99 2883 288 2927 extrarius
303 2885 346 2926 de
347 2881 591 2942 finficalibas
604 2886 656 2926 ad
664 2882 894 2943 inftnsualla
908 2915 919 2935 ,
944 2886 996 2927 &
1011 2886 1069 2926 ita
1071 2884 1158 2940 fait
1170 2885 1336 2926 elevatus
1350 2913 1361 2934 ,
1385 2885 1486 2942 quod
1495 2883 1675 2935 Fratres,
1700 2886 1767 2942 qui
1791 2886 2019 2941 ignorabant

11 2941 263 3001 buncsblitum
275 2943 352 3001 ejas
365 2958 502 2986 morem
516 2975 527 2995 ,
553 2945 767 2986 credentes}
779 2942 962 3002 ssmzsbre
975 2954 1165 2986 mortuum
1177 2973 1187 2993 ‚
1231 2944 1533 2985 ubterraverunt
1546 2957 1627 2986 eum
1650 2945 1777 2986 vivum
1793 2974 1803 2994 ,
1830 2945 1883 2987 e&
1893 2943 2018 3003 postea

11 3004 191 3044 venientes
203 3003 278 3059 ejus
293 3001 468 3061 discipuli
482 3033 493 3053 ,
506 3002 669 3062 silentes
695 2955 835 3061 idsiipb
863 3005 1032 3045 accidere
1047 3034 1057 3053 ,
1080 3002 1135 3051 όν
1151 3003 1248 3060 quid
1244 3003 1404 3060 fhretde
1415 3002 1490 3059 ejas
1504 3004 1604 3044 modo
1619 3033 1630 3053 ,
1654 3004 1930 3058 interrogantes
1961 3019 2016 3046 re-

11 3073 187 3117 pererunt
202 3077 283 3104 eum
293 3064 421 3106 vivum
423 3060 693 3121 ficbterratum
693 3064 783 3120 fore
800 3092 811 3113 ,
839 3062 949 3120 idest,
964 3064 1018 3121 sa
1047 3072 1228 3105 ocatums

63 3122 207 3163 XLIII.
239 3124 424 3164 Attamen
451 3124 715 3176 quantumvis
745 3122 1038 3172 honorificum,
1063 3136 1139 3177 ego
1165 3124 1439 3177 apocryphum
1469 3124 1546 3163 hoc
1579 3123 1721 3164 mortis
1748 3136 1869 3176 genus
1897 3136 2013 3176 repu-

11 3189 49 3220 to
64 3209 77 3230 ,
101 3182 203 3222 &eo
217 3181 402 3223 difficilius
416 3183 703 3224 admittendum
730 3185 808 3223 hoc
825 3183 1091 3224 testimonium
1106 3211 1118 3232 ,
1143 3195 1227 3237 quo
1244 3182 1388 3232 levius,
1412 3183 1451 3222 &
1467 3181 1611 3234 absque
1643 3183 1724 3222 ullo
1752 3180 2012 3221 fundamento
2042 3180 2145 3237 ’ἴθ’-Μ
2165 3183 2251 3232 „⁴25-

11 3239 43 3280 S.
58 3241 304 3281 Bernardino
335 3242 555 3283 attribuitur
585 3274 594 3281 .
625 3245 731 3282 Nam
748 3253 907 3295 quartus
935 3243 997 3283 ille
1025 3245 1178 3283 Tomus
1210 3243 1448 3283 Sermonem
1466 3270 1476 3289 ,
1507 3242 1573 3294 qui
1600 3238 1932 3299 Qadragcjfimale
1951 3240 2013 3282 Se·
2039 3226 2247 3295 {²2⁸3}

10 3299 141 3357 raphin
168 3299 386 3341 inscribitur
400 3330 411 3350 ,
437 3304 474 3341 8<
507 3303 544 3341 S.
558 3302 806 3341 Bernardino
835 3301 1065 3343 adscribitur
1080 3331 1091 3352 ,
1114 3315 1162 3342 ex
1179 3315 1261 3354 quo
1278 3301 1544 3343 testimonium
1563 3304 1637 3341 hoc
1665 3298 1909 3352 desumptum
1926 3301 1977 3341 est
1997 3329 2007 3348 ,
2187 3296 2194 3304 ¹

10 3371 87 3399 non
115 3360 167 3400 est
193 3361 503 3408 S.ssernardini,
527 3360 590 3400 sed
620 3361 814 3406 cujusdam
845 3362 1080 3402 Collenoris
1110 3361 1280 3401 Danielis
1310 3362 1358 3401 de
1400 3360 1599 3407 Purziliis,
1625 3360 1678 3399 uti
1710 3359 1746 3397 in
1779 3358 1887 3411 ipsius
1918 3359 2007 3399 libri

11 3414 138 3458 fronte
151 3418 388 3467 abnotatur,
415 3422 454 3459 ὃς
485 3421 619 3459 Petrus
639 3421 869 3472 Rodulphus
887 3450 898 3470 ,
927 3421 1031 3473 cujus
1060 3433 1206 3472 opera,
1229 3421 1269 3460 &
1295 3420 1419 3461 studio
1445 3418 1548 3459 edita
1576 3417 1661 3459 sunt
1688 3419 1725 3458 S.
1744 3418 1831 3457 Viri
1858 3431 2001 3472 opera,

10 3476 191 3518 lestorem
203 3478 390 3519 admonet
406 3479 611 3531 inepistola
630 3479 880 3532 praeliminari
905 3510 914 3519 .
944 3480 1074 3521 Immo
1089 3481 1128 3520 &
1143 3478 1217 3532 ipse
1235 3480 1438 3520 collector
1453 3481 1528 3518 hoc
1545 3475 1700 3518 abunde
1718 3476 1860 3531 probat
1874 3505 1885 3526 ,
1911 3477 2007 3517 dum

10 3535 87 3587 post
100 3537 334 3578 Sermonem
361 3537 765 3591 decimumseptimum
793 3539 950 3579 illorum
970 3568 980 3587 ,
1005 3539 1073 3593 qui
1097 3538 1398 3579 extraordinarii
1426 3546 1722 3590 nuncupantur,
1752 3537 1862 3590 plura
1890 3536 2005 3589 gesta,

10 3594 247 3640 &miracula
259 3597 544 3638 §.Bernardiui
572 3597 742 3638 recenset
767 3628 775 3638 .
805 3599 901 3638 Sunt
915 3599 1029 3639 etiam
1056 3599 1093 3638 in
1109 3598 1177 3638 illo
1201 3595 1382 3640 universo
1409 3608 1528 3650 opere
1545 3596 1835 3649 quamplurima
1853 3595 1890 3636 S.
1911 3596 2006 3635 Ber-

11 3653 175 3695 nardino
198 3655 380 3711 indigna,
407 3657 521 3713 stylus
547 3655 735 3696 barbarus
753 3685 763 3705 ‚
789 3658 827 3696 ὃς
855 3657 1133 3705 inconcinnus,
1163 3666 1265 3697 totus
1296 3656 1440 3697 scatens
1482 3653 1682 3695 idiotismis
1699 3684 1710 3704 ,
1738 3656 1777 3695 δε
1807 3653 2003 3695 vocabulis

10 3711 136 3752 italicis
162 3728 171 3753 :
193 3714 276 3755 sunt
302 3714 419 3757 etiam
449 3716 570 3757 multa
586 3716 771 3772 «ludrica,
796 3717 835 3756 &
851 3713 992 3765 futilia,
1021 3727 1148 3769 neque
1175 3716 1383 3756 methodus
1407 3712 1692 3770 correspondet
1705 3713 1835 3754 ordini
1859 3713 1908 3751 ab
1937 3725 2006 3752 eo-

1858 3772 1950 3811 dem
