2617 4142
298 612 377 642 Item
391 610 512 652 Angloo

296 665 371 689 num
386 674 395 685 .

356 2047 502 2084 Hibernis

284 2098 403 2130 merito
414 2096 501 2126 debe.

283 2149 343 2173 ’τω
354 2144 465 2174 Scottis
480 2161 489 2171 .

1485 172 1647 240 (IV)

548 312 666 354 puum
681 294 819 335 adduci
847 292 941 334 solet
967 305 1015 333 ex
1044 294 1258 347 agnomine
1285 293 1415 342 scoti,
1448 291 1559 335 facile
1574 292 1677 333 eludi
1706 292 1829 346 potest
1844 307 1891 335 ex
1903 292 2015 336 affixa
2031 296 2146 337 etiam
2161 296 2364 338 Hiberniae
2381 322 2392 345 ,
2417 308 2487 348 per
2503 302 2564 337 tot

546 358 674 399 {incula
692 384 702 403 ‚
732 353 867 393 eadem
881 353 1138 406 appellatione
1165 384 1173 392 .
1205 353 1425 394 Traditioni
1441 362 1571 392 autem
1584 381 1595 402 ,
1625 353 1757 405 quain
1772 355 1981 395 Provincia
1993 356 2182 396 Marchiae
2200 385 2209 403 ‚
2234 357 2272 396 in
2294 356 2378 396 vico
2396 354 2563 395 Dunsaeo

543 425 652 457 natus
670 412 855 460 asseritur,
872 414 1036 453 alteram
1054 423 1263 465 opponunt
1276 412 1539 465 Hibei·ni,qua
1555 412 1592 452 in
1607 410 1817 452 Provincia
1832 414 1869 453 U
1876 415 2054 463 ltoniae‚in
2072 414 2167 455 urbe
2183 415 2287 455 Duni
2302 411 2562 462 vetustissima,

543 485 676 515 ortum
692 471 939 513 contendunt
954 502 963 511 .
977 472 1219 513 Scorietiam
1236 484 1465 525 cognomen
1484 484 1504 509 a
1520 469 1663 510 familia
1679 499 1691 518 ,
1709 483 1790 510 non
1809 472 1830 510 ὲι
1847 473 2006 512 natione
2021 502 2032 522 ,
2046 483 2111 513 aut
2125 488 2146 513 a
2162 487 2288 528 regno
2303 471 2472 513 derivari
2488 485 2560 525 po·

541 534 613 574 tuit
638 546 646 572 :
674 546 767 572 nam
780 533 820 572 8<
836 534 914 571 haec
931 532 1144 572 Scotorum
1157 544 1206 570 ex
1222 529 1374 583 familiis
1385 530 1550 570 deducta
1562 530 1768 584 appellatio
1782 557 1793 579 ‚
1818 530 2062 572 creberrima
2071 532 2124 574 est
2141 561 2154 582 ‚
2179 542 2264 574 tum
2283 533 2322 574 in
2339 531 2559 580 Hibernia,

543 603 627 634 tum
642 593 682 632 in
698 592 836 645 Belgio
851 618 862 640 ,
878 592 919 631 &
935 591 975 631 in
993 590 1099 630 Italia
1113 620 1124 631 .
2543 610 2545 612 ·

601 652 670 693 IX.
705 651 827 703 Qod
843 650 941 691 vero
958 649 1173 691 maximum
1185 649 1234 690 ab
1247 649 1384 703 Angiis
1400 677 1410 698 ,
1431 649 1610 689 Zelando
1626 645 1837 702 praesertim
1857 676 1868 697 ,
1894 647 2080 699 affertur,
2109 663 2157 690 ex
2171 649 2420 704 inscriptione
2437 663 2559 703 quam

539 709 673 767 passim
686 711 737 750 ait
749 711 786 749 in
801 710 1000 750 codicibus
1014 707 1265 750 Bibliotheca:
1283 707 1547 748 Martonensis
1563 707 1711 748 Oxonii
1723 720 1955 760 comparere
1969 710 2157 751 nimirum
2190 722 2198 749 ε
2227 710 2399 766 Explicit
2411 707 2561 750 lefflarae

543 766 888 826 Dofforisfitbtilis
900 796 911 817 ,
924 768 964 808 in
975 766 1219 824 universitate
1237 763 1440 822 oxoniensi
1449 794 1459 815 ‚
1466 764 1587 823 sitper
1602 766 1719 807 libros
1725 762 2015 823 fintemiarum
2030 764 2195 824 ‚scilicet
2220 767 2559 820 DoHorisJoax-mxs

540 833 648 872 1)st
665 857 677 879 ,
689 828 774 870 nati
788 828 829 867 in
843 827 1004 883 quadam
1016 820 1112 867 ‘ailla'
1126 827 1169 867 de
1183 825 1362 878 Emyldcn
1373 834 1504 866 vocata
1522 823 1693 882 Dustane
1706 831 1724 878 (
1735 824 1927 867 contrary&
1941 827 2075 875 Dans>
2086 826 2128 867 in
2141 827 2319 869 comitata
2336 825 2562 869 Worthum-

541 891 639 933 briae
641 888 861 947 pertinente
875 886 928 927 ad
939 885 1141 926 dominium
1167 881 1473 941 scholasticorum
1486 884 1530 925 de
1543 884 1717 925 Marton
1735 884 1896 926 :Bavulae
1905 884 1947 925 in
1977 885 2141 935 Oxonio,
2167 885 2224 933 &a
2245 886 2428 942 quondam
2454 883 2561 927 diffie

542 950 689 993 Domus
687 945 788 1004 ficii
800 975 812 996 ,
827 960 909 986 non
923 945 1023 984 adeo
1039 942 1310 998 irrefragabile
1324 944 1377 985 est
1389 972 1400 992 ,
1413 954 1456 984 ut
1469 941 1742 997 inscriptorem
1757 970 1767 992 ‚
1787 944 1846 985 vel
1865 946 1980 986 Scori
1993 944 2159 998 originis
2169 946 2337 987 nescium
2347 947 2424 995 ‚vel
2438 944 2559 985 adsci-

540 1010 630 1051 titiae
645 1007 778 1061 gloriae
795 1004 979 1058 cupidum
996 1002 1101 1055 reijci
1115 1016 1196 1043 non
1212 1001 1346 1057 possit.
1363 1006 1413 1044 Et
1423 1004 1505 1056 pari
1521 1003 1673 1042 ratione
1693 1002 1917 1056 responderi
1934 1003 2045 1058 poffit
2059 1003 2108 1044 ad
2124 1017 2203 1053 eos,
2217 1006 2391 1058 quicum
2406 1002 2557 1054 Pisano,

542 1070 605 1111 vel
616 1067 694 1106 aliis
706 1065 839 1105 dicunt
855 1061 1068 1103 Provinciae
1080 1061 1428 1104 franciscanorum
1445 1063 1671 1116 Anglicanae
1685 1064 1836 1102 Scorvn
1850 1060 1954 1102 fuisse
1969 1094 1980 1104 .
1996 1065 2105 1104 Nam
2120 1065 2182 1103 vel
2195 1077 2244 1104 ex
2258 1063 2445 1104 diuturno
2460 1072 2558 1103 tem-

541 1138 640 1183 pore
656 1137 739 1178 quo
754 1124 793 1163 in
806 1122 990 1176 praediCta
1002 1122 1100 1163 vixit
1114 1121 1329 1163 Provincia
1340 1123 1391 1163 ita
1406 1122 1511 1162 licuit
1523 1120 1779 1174 suspicari,vel
1793 1134 1932 1163 revera
1946 1123 2074 1176 potuit
2089 1150 2101 1171 ‚
2115 1122 2168 1162 uti
2183 1122 2314 1176 passim
2327 1124 2364 1163 &
2378 1120 2557 1176 quotidie

540 1185 586 1227 fit
600 1214 611 1235 ,
642 1197 690 1224 ex
705 1181 899 1224 Hibernia
913 1180 963 1221 ad
976 1182 1510 1236 AnglicanamProvinciam
1541 1179 1806 1229 transmeare3
1839 1182 1901 1223 vel
1915 1183 2031 1222 etiam
2046 1181 2142 1235 quid
2159 1181 2186 1222 s1
2202 1182 2330 1223 dicam
2361 1183 2399 1223 in
2414 1182 2554 1222 cadem

538 1244 681 1287 initiari
694 1260 706 1292 3
717 1244 757 1283 δι
773 1241 878 1296 prius
891 1241 930 1281 in
944 1240 1131 1295 praedidto
1145 1242 1329 1295 Collegio
1343 1239 1591 1282 Mai-tenensi
1609 1239 1685 1289 ,ob
1699 1237 1890 1293 singulare
1906 1268 1918 1289 ‚
1929 1242 1968 1281 ὃ(
1984 1253 2118 1281 rarum
2135 1253 2301 1282 acumen
2312 1240 2458 1295 ingenii
2472 1268 2484 1291 ‚
2507 1240 2554 1281 li-

538 1316 602 1347 cet
617 1312 801 1344 externus
815 1330 827 1350 ,
841 1310 982 1342 contra
995 1312 1213 1341 commune
1227 1329 1240 1351 ‚
1252 1300 1364 1353 quod
1377 1299 1592 1353 obiicitur,
1608 1299 1790 1340 statutum
1803 1298 1958 1340 admitti
1986 1330 1996 1340 .
2026 1301 2087 1340 De
2103 1300 2271 1340 hominis
2283 1300 2435 1354 origine
2452 1313 2552 1341 con-

537 1364 714 1407 tenditur
729 1391 740 1412 ,
753 1373 875 1415 quam
892 1362 955 1402 vel
966 1359 1065 1415 ipsos
1082 1361 1236 1415 Anglos
1250 1359 1420 1401 diximus
1434 1360 1603 1413 superius
1614 1357 1804 1399 Hibernis
1816 1359 2039 1412 adjudicare
2067 1389 2076 1399 .
2106 1358 2228 1400 Certe
2242 1358 2364 1413 ipsum
2380 1357 2551 1415 ejusdem

536 1421 788 1481 Epitaphium
804 1449 815 1469 ,
828 1420 940 1473 quod
956 1420 995 1460 in
1005 1420 1190 1461 omnium
1201 1433 1274 1460 ore
1286 1418 1461 1460 versatur
1475 1447 1487 1467 ‚
1499 1427 1642 1459 contra
1657 1418 1810 1472 Anglos
1828 1419 2007 1460 ultimam
2028 1417 2106 1460 ferr
2118 1417 2347 1460 sententiam
2363 1447 2374 1459 .

774 1480 913 1521 Scorii
924 1493 980 1520 me
980 1480 1125 1536 genuit
1139 1508 1151 1529 ,
1177 1479 1327 1521 Annua
1341 1475 1565 1535 mefitfiipit
1577 1507 1589 1518 .

768 1541 918 1581 Gimi
932 1554 991 1580 vme
1005 1539 1128 1580 docuit
1144 1567 1155 1588 ‚
1176 1540 1348 1580 Comi-m
1361 1551 1417 1578 me
1430 1546 1532 1578 tenet
1543 1566 1554 1576 .

532 1602 676 1657 Anglia
691 1630 703 1650 ,
716 1599 847 1652 inquit
861 1596 1042 1656 ‚fitfiepit
1058 1627 1068 1648 ,
1084 1598 1208 1640 velad
1221 1594 1315 1639 sacri
1327 1597 1486 1638 instituti
1500 1594 1697 1638 rationem
1710 1624 1722 1647 ,
1738 1598 1800 1642 vel
1814 1597 1863 1638 ad
1878 1596 2157 1640 scholasticam
2174 1597 2441 1654 capessendam
2456 1626 2468 1648 ‚
2484 1607 2549 1639 aut

529 1660 822 1704 efformandam
832 1657 1072 1712 disciplinam
1089 1688 1101 1699 .

589 1722 640 1763 X.
674 1718 859 1762 Tandem
876 1719 975 1759 vero
989 1716 1041 1758 ita
1055 1720 1139 1760 haec
1155 1731 1231 1772 pro
1247 1719 1366 1761 'Scoto
1380 1714 1569 1759 Hibernis
1586 1715 1832 1759 vendicando
1850 1746 1860 1766 ,
1879 1715 2027 1759 sincere
2044 1715 2214 1773 congelli
2231 1727 2272 1758 ut
2290 1718 2453 1759 minime
2485 1730 2549 1759 ine

531 1780 682 1823 causam
697 1786 836 1820 contra
852 1778 947 1818 alios
964 1777 1134 1818 omnino
1146 1777 1292 1819 evicisse
1307 1787 1440 1831 putem
1458 1794 1468 1826 3
1485 1791 1565 1818 non
1581 1779 1687 1818 enim
1702 1787 1855 1817 tantum
1871 1776 1964 1817 mihi
1983 1776 2116 1817 tribuo
2132 1804 2144 1826 ‚
2158 1787 2201 1818 ut
2217 1779 2284 1829 qui
2298 1779 2467 1818 aliorum
2484 1791 2550 1818 ar·-

530 1849 718 1895 gumenta
733 1837 901 1878 dixerim
916 1836 1090 1878 solubilia
1103 1866 1113 1886 ,
1128 1850 1218 1878 mea
1228 1837 1483 1892 judicaverim
1504 1836 1796 1891 responsionem
1810 1849 1974 1876 omnem
1990 1837 2168 1888 respuere
2183 1867 2193 1875 .
2219 1837 2330 1878 Novi
2343 1837 2450 1877 enim
2466 1851 2551 1877 non

530 1899 733 1941 defuturos
749 1926 760 1946 ‚
773 1898 839 1949 qui
855 1897 909 1937 his
928 1898 1022 1937 meis
1042 1896 1256 1939 rationibus
1267 1897 1357 1936 alias
1371 1907 1576 1950 opponant
1590 1926 1600 1945 ,
1613 1898 1652 1937 &
1670 1897 1844 1936 ulteriori
1862 1906 2005 1937 conatu
2022 1897 2172 1937 ScorvM
2186 1905 2365 1950 repetant
2378 1897 2554 1945 ,civemn

531 1972 609 2012 que
625 1957 790 2000 asserant
802 1955 910 1996 suum
929 1955 997 1996 ,1c1
1012 1968 1082 2009 per
1100 1969 1164 1996 me
1177 1955 1289 1998 liceat
1301 1984 1312 2005 ,
1325 1956 1423 1997 dum
1437 1955 1589 1997 urbane
1605 1958 1643 1996 ὃ(
1658 1955 1861 1996 christiane
1874 1954 2018 2008 absque
2034 1956 2158 1995 livore
2174 1983 2186 2004 ,
2201 1957 2241 1996 δε
2262 1955 2351 1996 felle
2363 1956 2552 1998 amaritu-

528 2020 627 2060 dinis
646 2047 656 2067 ‚
673 2015 824 2058 causam
839 2017 994 2069 egerint
1010 2046 1019 2055 .
1038 2014 1098 2056 Ut
1111 2015 1216 2055 enim
1229 2017 1346 2058 Scor!
1354 2015 1490 2069 gloriae
1502 2016 1559 2056 est
1572 2025 1634 2055 tot
1645 2015 1816 2056 vindices
1834 2013 1980 2055 habere
1996 2015 2065 2054 :ita
2079 2015 2150 2054 illis
2163 2014 2388 2069 ignominiae
2419 2025 2553 2056 verte-

529 2089 593 2120 tur
608 2107 619 2128 ‚
631 2077 657 2119 si
674 2074 868 2117 modestia:
884 2070 980 2114 fines
993 2071 1209 2115 transiliant
1224 2103 1235 2114 .
1254 2076 1347 2116 Hoc
1358 2074 1519 2115 interim
1536 2075 1596 2115 adi
1602 2075 1713 2123 iciam
1729 2090 1738 2122 3
1756 2073 1836 2115 siin
1851 2073 1957 2114 causa
1972 2073 2087 2114 dubia
2102 2073 2264 2115 ferenda
2280 2073 2325 2115 fit
2336 2073 2521 2115 sententia
2531 2093 2552 2126 „¹

525 2138 728 2195 potiorem
741 2132 965 2175 habendam
977 2132 1049 2174 esse
1067 2133 1346 2175 Hibernorum
1361 2135 1555 2175 rationem
1571 2164 1582 2174 .
1598 2135 1752 2174 Etenim
1770 2133 1794 2173 si
1814 2147 1887 2187 pro
1901 2133 2046 2173 meritis
2058 2132 2262 2187 praemium
2276 2162 2287 2183 ,
2299 2135 2338 2174 δι.
2350 2147 2425 2187 pro
2438 2135 2551 2174 labo..
2614 2164 2617 2167 -

528 2212 573 2241 re
589 2207 742 2238 merces
758 2193 1013 2235 adscribenda
1028 2192 1097 2243 sit,
1128 2193 1240 2234 nullis
1253 2192 1321 2234 nisi
1338 2192 1524 2235 Hibernis
1537 2192 1813 2245 adjudicandus
1826 2193 1878 2233 est
1894 2194 2033 2234 Scorvs
2062 2223 2072 2232 .
2102 2191 2201 2247 Qis
2215 2194 2322 2234 enim
2335 2194 2550 2247 aliquando

526 2272 574 2299 ex
589 2256 711 2298 Scotis
729 2283 739 2304 ‚
765 2264 830 2294 aut
848 2253 985 2307 Anglis
1002 2253 1041 2293 in
1058 2255 1182 2295 Scoro
1197 2251 1426 2294 illustrando
1439 2280 1451 2303 ,
1478 2262 1545 2294 aut
1559 2251 1742 2307 operibus
1758 2253 1838 2303 ejus
1855 2251 2083 2304 castigandis
2095 2265 2261 2305 operam
2276 2251 2472 2306 publicam
2488 2256 2550 2294 in-

524 2315 681 2371 sumpsit
694 2343 705 2364 ,
720 2324 785 2353 aut
800 2311 979 2353 laborem
994 2310 1219 2365 impendit?
1231 2310 1332 2367 Qs
1345 2323 1487 2353 'eorum
1502 2312 1524 2353 a
1537 2312 1739 2353 calumniis
1755 2310 1930 2351 defendit
1945 2314 1960 2352 ἒ
1975 2310 2092 2351 Ultra
2107 2324 2246 2352 omnes
2261 2310 2546 2355 laboraverunt

524 2379 563 2419 in
578 2380 654 2418 hoc
666 2385 811 2429 genere
825 2370 996 2415 Hiberni
1012 2369 1242 2412 :Mauritius
1259 2370 1497 2412 Hibernicus
1512 2401 1524 2421 ‚
1540 2369 1865 2424 Archiepiscopus
1881 2368 2108 2412 Tuamenfis
2122 2397 2133 2419 ‚
2146 2371 2186 2410 in
2205 2371 2419 2412 Academia
2434 2371 2547 2411 Pata·

524 2437 617 2479 vina
632 2434 851 2475 multorum
861 2442 1062 2471 'annorum
1078 2428 1278 2471 Professor
1290 2428 1467 2484 ‘publicus
1479 2458 1491 2479 ‚
1502 2430 1584 2482 ejus
1597 2442 1718 2483 opera
1735 2430 1942 2470 elucidavit
1957 2457 1968 2478 ‚
1995 2428 2102 2469 tei-fit
2115 2457 2126 2477 ,
2154 2430 2462 2471 Commentariis
2476 2444 2546 2472 ex-

525 2495 711 2552 plicavit.
736 2492 861 2547 Hugo
875 2490 1058 2532 Cavellus
1069 2487 1310 2531 Hibernicus
1325 2517 1336 2537 ,
1349 2488 1670 2543 Archiepiscopus
1686 2489 1960 2529 Armachanus
1979 2516 1991 2537 ,
2016 2487 2273 2529 &Hiberniae
2287 2490 2437 2530 Primas
2447 2519 2459 2540 ‚
2481 2503 2546 2531 ea-

524 2556 618 2596 dem
632 2552 764 2594 denuo
775 2547 984 2605 expolivit,
999 2547 1049 2589 ad
1061 2551 1432 2602 authographorum
1448 2548 1654 2590 veritatem
1671 2547 1825 2588 reduxit
1837 2577 1847 2596 ,
1857 2546 1985 2601 spuria
2002 2546 2025 2588 a
2039 2548 2216 2601 genuinis
2231 2548 2401 2589 distinxit
2415 2577 2425 2597 ‚
2439 2550 2546 2589 adie-

524 2615 592 2657 etis
608 2612 710 2654 notis
739 2608 1017 2664 marginalibus
1032 2635 1044 2659 ,
1074 2607 1275 2660 'citatisque
1291 2606 1531 2648 Doctoribus
1550 2607 1772 2659 pulchriora
1803 2606 1893 2647 fecit
1910 2635 1920 2655 ‚
1949 2606 2149 2647 &insertis
2176 2607 2227 2646 ad
2242 2621 2382 2648 omnes
2399 2608 2547 2659 dubias,

525 2673 790 2719 obscuras,aut
803 2669 853 2710 ab
866 2668 946 2722 alijs
962 2670 1208 2723 impugnatas
1223 2664 1667 2716 sententias‚dossisfimis
1682 2665 1831 2719 scholijs
1846 2679 1920 2719 pro
1936 2666 2118 2706 omnium
2136 2667 2346 2715 votis‚cum
2361 2668 2545 2710 omnium
2571 2686 2573 2688 ·

524 2732 637 2775 laude
654 2732 754 2771 ultra
765 2743 886 2783 quam
899 2728 973 2769 dici
987 2726 1126 2782 possit,
1140 2725 1300 2782 'egregie
1314 2724 1562 2773 clarificavit3
1592 2725 1687 2765 itaut
1704 2722 1858 2766 summo
1875 2724 2066 2766 desiderio
2081 2726 2124 2765 ὅ(
2139 2739 2287 2779 magno
2305 2727 2432 2779 pretio
2447 2740 2546 2767 con-

521 2793 733 2846 quirantur
746 2803 831 2843 quae
843 2789 948 2843 prius
961 2786 1266 2841 negligebantur
1278 2814 1291 2835 ,
1304 2787 1345 2826 &
1359 2785 1454 2826 dum
1466 2786 1545 2826 aliae
1559 2783 1710 2838 priores
1725 2785 1916 2826 editiones
1943 2783 2088 2838 ubique
2116 2783 2349 2839 prostabant
2363 2814 2376 2836 ‚
2398 2784 2545 2839 absque

520 2860 706 2905 'emptore
724 2878 735 2898 ,
747 2849 857 2899 hujus
868 2847 1074 2903 postremae
1089 2859 1173 2886 non
1187 2844 1232 2886 fit
1246 2846 1426 2887 invenire
1442 2846 1629 2887 volumen
1642 2872 1652 2884 .

582 2912 654 2952 XI.
687 2908 871 2961 Denique
896 2920 992 2948 cum
1002 2906 1120 2947 'scon
1152 2918 1287 2945 manes
1301 2905 1468 2959 agitaret
1485 2903 1731 2945 abrahamus
1749 2901 1918 2944 Bzovius
1933 2932 1944 2952 ,
1968 2914 2084 2957 atque
2098 2903 2200 2944 ultra
2227 2916 2367 2945 omnes
2385 2932 2396 2953 ‚
2425 2916 2546 2957 quot-

520 2979 629 3025 quot
639 2965 912 3024 praecesserunt
925 2995 936 3015 ‚
957 2964 1105 3009 samam
1123 2962 1371 3018 denigraret3
1398 2965 1483 3017 quis
1498 2976 1545 3005 ex
1557 2963 1685 3003 Scotis
1703 2991 1714 3011 ‚
1741 2972 1808 3002 aut
1821 2963 1958 3016 Anglis
1975 2965 2054 3016 ejus
2069 2962 2337 3004 defensionem
2354 2962 2509 3018 suscepit
2526 2967 2544 3006 ἒ

527 3031 626 3084 Qis
643 3041 719 3083 pro
748 3036 1014 3068 conterraneo
1044 3021 1264 3079 pugnavit?
1287 3021 1355 3064 soli
1370 3022 1539 3065 Hiberni
1554 3052 1565 3072 ,
1588 3031 1778 3075 tanquam
1796 3035 1870 3075 pro
1883 3020 1950 3062 suo
1965 3024 2069 3072 cive,
2098 3021 2249 3063 causam
2267 3022 2513 3076 susceperunt
2530 3022 2553 3072 ,ἶ

528 3091 673 3146 stylum
698 3096 855 3128 acutum
884 3086 924 3125 in
947 3085 1140 3126 Bzovium
1158 3082 1437 3131 retorserunu
1460 3082 1618 3125 SCOTVM
1645 3080 1696 3121 ab
1726 3080 1868 3132 injustis
1905 3081 2109 3134 calumniis
2148 3082 2277 3136 palam
2308 3110 2319 3131 ‚
2358 3084 2398 3122 ἃ
2423 3081 2543 3124 doste

531 3149 791 3191 vendicarunt
815 3174 827 3186 .,
852 3144 1007 3186 Primus
1023 3142 1057 3183 se
1071 3141 1251 3197 opposuit
1263 3142 1465 3197 praedidius
1481 3141 1666 3182 'Cavellus
1679 3168 1693 3189 ,
1720 3138 1956 3194 Magistrum
1973 3139 2153 3194 sequutus
2169 3140 2222 3181 est
2236 3142 2359 3195 Hugo
2373 3142 2544 3195 Magne-

531 3208 604 3250 sius
620 3207 734 3247 etiam
754 3205 957 3248 Hibernus
969 3202 1082 3243 editis
1097 3204 1137 3242 in
1150 3203 1344 3242 Bzovium
1357 3228 1370 3251 =‚
1391 3200 1552 3255 <ejusque
1577 3198 1825 3240 defensorem
1840 3200 2053 3240 Nicolaum
2073 3199 2295 3252 jansenium
2314 3200 2411 3240 binis
2429 3203 2543 3255 Apo.-

530 3268 642 3322 logijs
670 3297 679 3307 .
707 3266 809 3308 Mox
823 3260 1079 3304 dissertissimi:
1092 3263 1132 3302 δε
1145 3259 1267 3302 solide
1279 3271 1406 3302 totam
1425 3273 1510 3301 rem
1523 3259 1678 3314 peregit
1689 3261 1833 3299 author
1846 3261 1886 3299 N
1892 3260 1986 3299 itelae
2013 3258 2272 3300 franciscanae
2297 3259 2514 3313 Religionis
2533 3288 2546 3309 ,

529 3329 623 3370 item
638 3326 839 3367 Hibernus
855 3352 867 3373 ,
888 3322 939 3362 ‘ad
952 3321 1115 3376 singulas
1132 3320 1287 3373 injurias
1303 3319 1485 3361 minutim
1497 3317 1736 3372 respondens
1749 3344 1762 3367 ‚
1783 3316 2000 3358 calumnias
2012 3332 2152 3359 omnes
2167 3317 2336 3360 veritatis
2350 3319 2543 3373 pondere,

532 3387 647 3429 veluti
664 3385 741 3425 sole
759 3383 879 3424 nubes
891 3381 1114 3422 discutiente
1132 3408 1143 3429 ‚
1164 3380 1266 3420 mira
1281 3380 1510 3420 dexteritate
1523 3374 1706 3418 refellens
1731 3405 1743 3417 .
1765 3377 1819 3418 Hi
1843 3390 1986 3418 omnes
2002 3376 2172 3419 Hiberni
2191 3406 2201 3426 ,
2226 3378 2395 3418 hominis
2424 3378 2544 3419 inno-
2607 3407 2611 3413 ‚

531 3443 734 3488 centiffimi
753 3443 1015 3496 integritatem
1032 3469 1043 3489 ,
1069 3441 1108 3480 δι
1123 3441 1146 3480 a
1162 3436 1447 3480 detractoribus
1462 3438 1606 3478 illatam
1619 3435 1826 3489 injuriam,
1849 3435 2035 3477 omuibus
2054 3435 2294 3478 manifestam
2314 3438 2537 3487 voluerunt,
2554 3463 2556 3466 >
2606 3466 2610 3477 .

529 3508 570 3546 ἃ.
585 3504 762 3545 fecerunt
787 3530 797 3551 ,
823 3503 958 3553 Itaque
973 3499 998 3540 fi
1028 3497 1306 3540 Hibernorum
1321 3496 1458 3539 calami
1476 3526 1487 3546 ,
1503 3497 1547 3536 ’ἃ
1560 3495 1684 3536 doe'tae
1697 3495 2010 3537 elucubrationes
2023 3497 2176 3537 Scorvn
2194 3496 2405 3546 illustrant,
2436 3510 2551 3550 quos*
2606 3509 2608 3531 t

528 3562 681 3621 potius,
705 3575 823 3616 quam
840 3559 1043 3601 Hibernos
1056 3587 1067 3607 ,
1093 3558 1283 3598 illustrare
1295 3555 1414 3597 debet
1427 3557 1538 3597 Scori
1555 3555 1729 3595 nativitas
1746 3556 1761 3594 ?
1786 3556 1912 3596 Scoro
1928 3557 2128 3596 honorem
2156 3555 2364 3609 diligenter
2390 3569 2553 3609 imper-2

531 3626 657 3672 tium,
679 3621 729 3662 ab
744 3621 823 3673 ejus
838 3619 1144 3658 ortu'honorem
1161 3615 1230 3657 fibi
1245 3615 1421 3657 debitum
1434 3612 1593 3655 vicissim
1621 3611 1828 3667 reposcunt
1856 3644 1864 3653 .
1891 3615 2026 3666 Qare
2051 3613 2080 3654 ss
2107 3612 2183 3666 ipsa
2206 3612 2321 3655 causa:
2346 3615 2549 3656 evidentia.

531 3698 614 3727 non
629 3683 814 3723 evincunt
834 3707 845 3727 ‚
871 3678 1002 3718 saltem
1016 3676 1252 3716 meritorum
1268 3676 1381 3716 titulo
1397 3703 1408 3723 ,
1437 3673 1505 3714 sibi
1520 3674 1680 3714 Scotum
1693 3673 1995 3726 adjudicandum
2008 3686 2092 3714 non
2109 3671 2315 3728 desperant
2337 3705 2348 3714 .
2375 3676 2470 3716 Suus
2484 3675 2555 3716 est-

533 3758 580 3784 ex
595 3742 742 3783 meritis
762 3740 905 3779 Scorvs
921 3764 932 3786 ,
958 3734 1042 3777 suus
1060 3736 1176 3776 etiam
1189 3735 1265 3776 erit
1276 3732 1560 3790 exproborum
1572 3731 1714 3787 judicio
1728 3761 1741 3772 .

2365 3853 2484 3896 SCO..
