2617 4142
228 479 261 509 sn
278 476 362 509 Scoti
376 475 433 507 Vi-

227 531 257 554 ta
272 534 337 564 cap.
353 532 401 560 ις.

234 3275 271 3302 ln
337 3279 443 3310 prooeo-

233 3315 299 3350 min
334 3315 363 3354 ᾗ.
378 3315 443 3343 Mo.

235 3361 301 3390 nita
348 3358 442 3398 qudd-

239 3404 273 3432 ν’.
324 3402 443 3432 Calum-

239 3446 289 3476 κίε
299 3445 399 3476 alm-a
413 3463 422 3472 .

481 184 721 238 Aquinatem
739 179 880 221 ordine
893 174 1164 233 pulche‘rrimo
1176 177 1415 233 processisse,
1443 192 1487 221 ac
1500 181 1614 235 plane
1631 182 1848 236 principem
1862 182 1992 225 locum
2009 192 2145 225 tenere
2162 209 2174 231 ‚
2205 176 2355 232 quippe
2367 176 2436 230 qui·
2465 182 2555 219 meo'

480 245 651 285 rhodum
663 240 712 281 ab
725 240 955 281 Alexandro
973 239 1175 279 inventam
1188 267 1199 287 ‚
1217 238 1429 291 perfecerit
1445 242 1645 295 multaque
1660 242 1822 296 desuper
1837 243 2030 284 addiderit
2043 274 2054 294 ,
2084 257 2175 285 eum
2190 268 2204 289 ‚
2233 245 2357 290 p1‘0ut
2378 240 2545 278 materh

478 304 623 359 patitur
638 330 649 351 ‚
678 299 910 340 imitandum
927 296 1141 338 censuimus
1157 327 1168 347 ,
1200 297 1395 351 exscriptis
1413 301 1667 351 quaestionum
1684 302 1865 342 omnium
1881 303 2192 345 connexionibus
2209 328 2222 349 ,
2235 310 2279 337 ac
2292 296 2551 339 articulorum

479 362 594 402 titulis
610 389 620 409 ‚
638 359 765 411 jdque
779 356 952 410 pluribus
968 357 1015 396 de
1031 356 1146 397 causis
1165 389 1172 396 .
1201 356 1381 397 Primum
1396 385 1406 405 ‚
1429 368 1471 398 ut
1485 369 1793 403 monumentum
1809 373 1958 402 extaret
1975 377 2045 403 nos
2063 365 2100 403 S.
2118 357 2289 402 DoCmri
2305 384 2316 404 ‚
2341 367 2545 408 nunquam

477 421 560 462 satis
576 417 859 459 commendato
876 415 1047 457 maxime
1064 415 1220 456 deferre
1236 419 1274 457 &
1289 415 1474 469 suspicere
1488 447 1498 467 ‚
1522 423 1560 461 ὃς
1578 432 1622 462 ut
1637 436 1707 475 par
1724 421 1775 461 est
1794 449 1804 469 ‚
1833 423 2010 462 venerari
2026 451 2036 471 ‚
2064 423 2182 463 veluti
2196 419 2219 459 a
2249 419 2341 458 Deo
2368 413 2553 455 Ecclefiae·

476 478 503 521 s
497 493 549 520 uae
563 477 746 531 singulari
759 474 954 516 beneficio
966 475 1166 529 provisum
1182 504 1193 525 ,
1221 489 1342 527 quem
1358 477 1502 527 pariter
1516 481 1737 522 Doctorem
1751 478 1938 520 Subtilem
1954 481 2075 522 fecisse
2092 478 2250 535 plurimi
2267 473 2412 517 exinde
2431 473 2545 514 nobis

477 535 697 595 persuasum
711 535 764 576 est
779 564 790 584 ,
819 535 927 587 quod
940 535 1083 588 scriptis
1098 535 1176 588 ejus
1208 533 1414 588 impensius
1427 536 1598 580 addictus
1620 539 1761 580 'eadem
1776 540 1991 580 accuratius
2017 537 2256 581 discutiendo
2268 565 2279 585 ,
2307 531 2364 580 ὢν
2378 546 2552 574 πωπω

479 597 557 654 <jus
571 600 588 647 (
603 597 730 648 inquit
742 594 956 648 W'adingus
973 594 1165 642 >reddidit
1180 592 1367 650 illustrius
1380 622 1390 643 ‚
1404 593 1458 642 ὠν
1472 594 1914 653 dofflrinamfizmostorem
1928 629 1936 639 .
1949 599 2116 648 Deinde,
2127 600 2301 640 duorum
2316 595 2400 634 Sac.
2413 595 2548 632 Theo-

479 657 593 711 logiae
609 668 821 709 procerum
839 654 985 694 collatis
1001 652 1274 707 quaestionibus
1289 682 1300 703 ,
1331 652 1574 710 articulisque
1587 687 1598 708 ‚
1630 672 1674 698 ac
1690 657 1819 698 verbis
1832 671 1956 711 prope
1970 687 1980 707 ‚
2006 659 2161 699 alterius
2174 671 2222 698 ex
2236 656 2360 695 altera
2386 650 2545 692 senten..

478 719 530 757 tia
545 715 809 771 perspicuitate
826 723 981 766 accepta
994 742 1004 762 ,
1029 714 1067 752 &
1082 719 1130 752 de
1143 712 1321 765 pondere
1338 714 1535 755 rationum
1554 744 1564 764 ‚
1594 719 1633 757 &
1659 715 1843 756 firmitate
1870 715 2108 758 solutionum
2136 715 2302 758 securius
2317 710 2561 763 judicium-,³

478 775 651 817 ferretur
669 804 678 813 .
710 774 967 825 Quamquam
983 771 1156 824 alioquin
1170 772 1358 824 Magister
1373 772 1510 814 Scotus
1526 775 1563 814 in
1580 774 1833 817 solutionibus
1849 773 1918 816 suis
1934 804 1945 824 ‚
1974 774 2000 815 fi
2018 777 2103 828 quis
2120 776 2211 817 alius
2228 772 2373 814 lucidus
2389 768 2433 810 sit
2449 782 2457 808 :
2478 782 2551 809 rea

478 847 625 878 vocans
640 832 828 885 siquidem
843 832 975 871 omnia
990 831 1038 870 ad
1050 844 1093 870 ea
1110 860 1119 879 ,
1146 844 1194 872 ex
1206 829 1345 882 quibus
1362 830 1534 883 pendent
1548 835 1734 888 principia
1749 864 1759 883 ,
1787 836 1827 874 &
1840 848 1915 874 una
1930 833 2057 876 effecit
2070 852 2080 883 3
2104 845 2146 875 ut
2159 830 2425 888 perspicuitate
2439 829 2542 868 mul-

476 906 515 935 ta
528 902 677 935 ornatae
690 891 900 944 prodirent
917 890 1125 931 solutiones
1139 888 1209 928 (ΗΕΒ
1225 918 1234 936 ›
1260 899 1380 941 thue
1398 891 1446 930 de
1459 889 1565 934 sensu
1579 905 1791 945 menteque
1808 892 1919 946 ipsius
1937 894 1974 933 in
1991 894 2117 946 paucis
2135 892 2301 934 omnino
2334 888 2435 942 apud
2466 901 2542 927 no-

476 955 574 996 stros
589 950 881 991 addubitare-tur
900 966 909 995 3
938 949 1028 989 cum
1043 951 1078 988 S.
1096 951 1263 988 'snomae
1277 948 1529 1003 Expositores
1545 964 1587 993 ut
1604 954 1820 1007 plurimum
1847 953 1950 993 inter
1963 952 2036 993 sese
2067 951 2260 992 dissentire
2288 948 2541 1001 comperian-

475 1024 540 1054 tur
559 1044 567 1052 .
599 1013 706 1053 Nam
724 1011 883 1061 Sanetus
903 1009 1056 1047 Dostoi·
1071 1006 1153 1058 quo
1166 1007 1332 1049 striisior
1348 1009 1452 1050 estin
1470 1010 1654 1053 sermone
1668 1041 1679 1061 ,
1704 1012 1915 1066 praesertim
1932 1013 1972 1053 in
1988 1012 2118 1066 prima
2131 1021 2239 1064 parte
2256 1039 2265 1058 ‚
2296 1021 2345 1048 eo
2360 1008 2541 1046 latiorem

472 1086 656 1124 campum
670 1069 819 1122 aperuit
832 1065 1094 1107 gestatoribus
1107 1064 1177 1106 suis
1192 1068 1231 1107 in
1246 1067 1412 1109 diversas
1425 1097 1436 1117 ,
1461 1071 1756 1126 contrariasque
1768 1070 1972 1112 stnteirias
1986 1071 2157 1114 abeundi
2189 1103 2197 1110 .
2220 1066 2426 1111 Postremo
2440 1079 2545 1106 -om-

473 1145 567 1174 nem
585 1126 962 1179 ScotiTneologiam
977 1135 1083 1180 juxta
1098 1126 1283 1167 ordinem
1312 1128 1348 1167 S.
1368 1131 1536 1174 Thomae
1551 1132 1738 1187 digestam
1766 1130 1993 1172 exhibentes
2010 1161 2021 1182 ,
2047 1141 2089 1172 ut
2104 1129 2244 1183 quibus
2275 1137 2387 1167 antea
2414 1125 2542 1179 displi-

472 1189 601 1232 cuisset
619 1187 848 1241 placituram
863 1184 1085 1238 speramus,
1110 1186 1161 1225 ita
1177 1187 1410 1227 tantundem
1428 1190 1531 1231 Orbi
1548 1188 2019 1233 Christianoconfidimus
2049 1187 2301 1245 profuturam
2328 1218 2335 1225 .
2361 1187 2413 1226 Et
2437 1199 2542 1238 quo-

473 1251 580 1292 niam
598 1246 785 1300 Magister
805 1247 938 1285 Scotus
953 1258 1028 1299 pro
1042 1255 1269 1298 temporum
1286 1244 1445 1289 suorum
1462 1251 1689 1292 conditione
1705 1250 1918 1292 introducit
1932 1251 2035 1292 circa
2049 1248 2266 1292 Aristotelis
2281 1254 2456 1286 mentem
2481 1245 2553 1298 in-s

470 1308 719 1364 quisitiones‚
755 1304 917 1344 mirabili
935 1304 1088 1358 prorsus
1106 1304 1288 1359 indagine
1304 1305 1473 1348 dissertas
1489 1339 1500 1360 ,
1521 1315 1587 1351 has
1603 1340 1613 1360 ‚
1644 1307 1709 1350 nisi
1724 1308 1880 1362 praecise
1896 1310 1944 1350 ad
1977 1309 2136 1364 scopum
2163 1308 2335 1362 specstent
2359 1302 2540 1357 quaesito-

472 1384 564 1412 rum
581 1397 590 1417 ,
624 1366 740 1407 veluti
756 1364 907 1404 inutiles
920 1365 1235 1404 averruncandas
1250 1367 1470 1419 putavimus
1486 1400 1496 1410 .
1526 1369 1609 1411 Ubi
1625 1369 1722 1410 vero
1735 1369 1959 1410 doctrinam
1977 1369 2056 1423 ejus
2074 1367 2292 1409 exuberare
2310 1364 2540 1417 reperimus,
2606 1416 2608 1418 Ι

471 1430 555 1483 quo
572 1426 802 1467 enucleatius
819 1422 919 1463 sensa.
934 1421 1043 1476 ipsius
1058 1425 1346 1477 explicarentur
1361 1455 1372 1475 ,
1397 1437 1515 1480 atque
1531 1429 1760 1471 luculentius
1775 1439 1977 1481 paterent,
2008 1429 2191 1469 articulos
2217 1427 2358 1467 iterare
2375 1435 2459 1463 non
2488 1425 2544 1477 pi.

473 1489 556 1544 guit
573 1519 581 1527 .
616 1487 765 1538 Qaeve
783 1484 899 1522 etiam
915 1496 959 1522 ex
976 1483 1093 1522 animi
1110 1483 1296 1524 sententia
1307 1484 1475 1527 disseruit
1492 1517 1503 1536 ‚
1530 1490 1569 1529 &
1585 1489 1747 1529 Sanssus
1765 1490 1941 1528 Thomas
1957 1487 2086 1528 obiter
2098 1517 2108 1536 ,
2142 1487 2297 1538 levique
2318 1496 2438 1523 manu
2453 1483 2541 1533 teti-

471 1547 560 1604 gisse
575 1554 780 1587 contentus
794 1541 815 1581 s
811 1542 885 1591 uit,
919 1556 990 1581 nos
1003 1556 1049 1582 ex
1069 1540 1254 1584 incidenti
1269 1544 1319 1585 ad
1333 1543 1508 1595 formam
1522 1547 1776 1604 quaefitorum
1807 1547 1961 1588 redacsta
1975 1576 1987 1598 ,
2016 1547 2055 1588 in
2071 1546 2249 1587 medium
2273 1554 2544 1597 proponere,

470 1621 555 1649 non
574 1603 834 1645 dubitavimus
852 1630 860 1641 .

594 1666 770 1710 Interea,
798 1671 838 1701 ut
852 1660 965 1702 subiit
984 1662 1142 1712 mirari,
1170 1672 1231 1704 tot
1256 1665 1440 1718 praeclara
1463 1668 1647 1723 ingenia,
1674 1680 1849 1721 quorum
1868 1666 1979 1708 omni
2008 1678 2091 1707 aevo
2118 1664 2248 1706 schola
2278 1662 2409 1704 nostra
2435 1660 2546 1702 ferax

475 1726 545 1769 fuit
558 1754 568 1774 ‚
593 1724 681 1764 huic
697 1722 934 1775 perutillimo
952 1721 1078 1762 labori
1096 1736 1176 1763 non
1189 1724 1402 1766 admovisse
1416 1741 1552 1768 manus
1569 1756 1580 1777 ,
1609 1728 1660 1767 ita
1674 1726 1786 1768 nobis
1804 1727 1897 1767 nihil
1911 1725 2156 1768 attribuimus
2171 1753 2183 1774 ‚
2210 1723 2272 1764 sed
2288 1722 2540 1763 animadver-

474 1795 600 1827 tentes
616 1785 683 1823 Pet
693 1796 775 1820 rum
790 1781 836 1819 dc
851 1782 1038 1835 Alvernia
1053 1796 1101 1822 ex
1118 1783 1274 1835 Scriptis
1290 1785 1416 1824 Saneti
1434 1789 1599 1827 Thomae
1611 1786 1724 1841 super
1739 1783 1882 1843 apsent.
1898 1785 2208 1839 supplementum
2226 1783 2272 1822 ad
2291 1791 2411 1838 3par.
2431 1779 2542 1832 ipsius

473 1841 655 1887 conflasse
675 1870 684 1889 ,
713 1842 750 1880 ὃ(
768 1841 1027 1880 Coriolanum
1043 1854 1088 1881 ex
1110 1839 1249 1897 ¹·st'm‘·
1267 1844 1304 1883 S.
1316 1844 1604 1886 Bonaventurae
1620 1848 1825 1887 Summam
1844 1846 1892 1885 de
1909 1846 1991 1886 Deo
2013 1843 2097 1884 Uno
2113 1872 2123 1892 ,
2151 1840 2207 1889 ὅ)
2228 1841 2343 1883 Trino
2360 1840 2408 1880 ed
2424 1839 2512 1880 disse
2527 1869 2539 1889 ,

474 1903 638 1959 idipsum
659 1900 741 1940 lieri
757 1899 859 1953 posse
877 1912 923 1938 ex
935 1901 1246 1940 Commentariis
1260 1902 1439 1957 Magistri
1457 1906 1561 1945 Scoti
1579 1903 1689 1946 diffifi
1705 1919 1786 1946 non
1803 1904 1928 1946 sumus
1945 1935 1953 1944 .
1984 1905 2082 1943 Non
2097 1904 2189 1942 latet
2213 1901 2373 1954 quidem
2403 1902 2540 1953 Ange-

472 1966 554 2005 lum
572 1961 744 2014 Wlpium
762 1988 772 2008 ‚
797 1960 835 1998 δε
850 1959 1133 2012 Bermingham
1150 1959 1378 2002 Hibernum
1393 1964 1500 2004 Scoti
1513 1966 1719 2006 Summam
1732 1968 1749 2017 (
1764 1974 1806 2005 ut
1818 1964 2051 2018 pollicentur
2065 1965 2083 2011 )
2095 1970 2161 2001 aut
2175 1974 2313 2014 magna
2331 1974 2376 1999 (τε
2390 1968 2540 2013 parte.)

473 2021 653 2075 scripsisse
671 2049 681 2069 ‚
705 2028 769 2058 aut
784 2017 952 2058 scribere
964 2018 1159 2071 aggressos
1175 2019 1245 2059 esse
1262 2052 1270 2060 .
1301 2022 1377 2062 Sed
1391 2025 1531 2076 prioris
1545 2037 1666 2077 opera
1681 2024 1800 2078 Wlpii
1815 2024 1961 2077 magiS,
1987 2035 2108 2074 quam
2139 2021 2243 2061 Scoti
2269 2019 2342 2060 dici
2369 2018 2517 2059 debent
2534 2031 2541 2056 :

472 2082 673 2125 Posterior
692 2081 788 2119 vero
806 2078 899 2117 dum
916 2078 1088 2130 cupidius
1108 2077 1238 2120 insistit
1252 2080 1319 2121 fiio
1337 2083 1461 2123 modo
1475 2083 1682 2136 quinquies
1696 2082 1903 2124 obiiciendi
1917 2111 1928 2131 ‚
1952 2080 2170 2136 probandi,
2200 2080 2237 2120 &
2254 2077 2515 2133 respondendi
2531 2107 2542 2128 ‚

474 2144 599 2183 a'iena
616 2139 737 2179 multa
750 2139 868 2178 Scoto
887 2136 1091 2177 infarciens
1107 2167 1116 2187 ,
1143 2139 1348 2193 proposito
1366 2156 1445 2183 non
1457 2141 1632 2183 excidisse
1649 2143 1799 2195 nequiit
1816 2172 1826 2182 .

592 2202 679 2241 Nos
693 2207 832 2238 contra
846 2209 890 2237 ex
910 2196 990 2249 ipso
1005 2197 1186 2250 Magistri
1199 2200 1304 2240 Scoti
1319 2210 1428 2242 textu
1440 2203 1646 2242 Summam
1662 2205 1763 2243 hanc
1781 2201 2065 2254 Theologicam
2084 2197 2171 2239 fore
2187 2197 2544 2239 concinnandam-.-

473 2260 693 2317 putavimus
710 2287 719 2306 ‚
754 2255 819 2296 etsi
838 2254 1068 2308 frequenter
1083 2256 1184 2297 s'cnsh
1200 2260 1322 2313 magis
1340 2288 1351 2308 ‚
1378 2261 1502 2313 quam
1517 2260 1640 2301 verba
1655 2261 1791 2301 demus
1807 2289 1817 2310 ‚
1848 2273 1918 2313 per
1933 2259 2133 2312 quandam
2145 2257 2251 2311 quasi
2269 2255 2535 2311 paraphrasim

475 2320 662 2374 explicata
680 2349 687 2356 .
716 2315 845 2357 Nobis
860 2325 988 2355 autem
1007 2330 1086 2356 non
1104 2315 1184 2356 sitis
1203 2316 1366 2358 fidentes
1381 2348 1391 2368 ,
1415 2333 1495 2359 non
1511 2320 1637 2361 modo
1654 2321 1864 2374 praecipuos
1896 2319 2000 2359 Scoti
2024 2319 2375 2358 Commentatores
2403 2314 2544 2355 consu-

475 2382 509 2422 le
518 2379 612 2419 udos
624 2377 801 2418 dunum<
814 2404 826 2425 ,
852 2373 915 2415 sed
927 2376 1042 2415 etiam
1057 2389 1122 2415 eos
1138 2404 1148 2425 ,
1181 2376 1252 2429 qui
1265 2390 1334 2430 per
1349 2372 1578 2430 quaestiones
1594 2379 1840 2432 Theologica
1859 2380 2057 2430 Dogmata
2073 2377 2361 2427 pertrastarunt
2376 2406 2384 2414 .
2407 2376 2539 2415 Com-

475 2442 604 2495 plures
617 2437 799 2477 articulos
816 2464 826 2483 ,
849 2435 932 2474 imo
947 2435 1117 2488 integi-as
1136 2437 1365 2487 quaestiones
1381 2451 1461 2477 non
1481 2452 1571 2478 raro
1587 2451 1635 2478 ex
1651 2436 1811 2479 diversis
1829 2436 2018 2490 variisque
2037 2436 2211 2490 Magistri
2226 2435 2330 2475 Scoti
2349 2434 2440 2474 locis
2455 2462 2466 2482 ,
2501 2435 2539 2474 i&

474 2497 670 2540 codicibus
685 2494 955 2547 compegimus
974 2522 984 2543 ,
1014 2493 1122 2547 ipsius
1136 2494 1340 2536 sententias
1353 2495 1524 2551 apposite
1541 2497 1647 2551 juxta
1660 2496 1815 2550 quaeslta
1844 2495 2108 2550 pronunciare
2124 2523 2135 2544 ,
2167 2494 2368 2535 declarare
2386 2522 2397 2542 ,
2426 2503 2544 2546 atque

476 2573 525 2599 ex
539 2557 644 2597 diesis
657 2555 735 2606 ejus
750 2552 962 2593 defendere
979 2552 1187 2608 satagentes
1201 2585 1209 2594 .
1237 2555 1442 2597 Interdum
1458 2570 1620 2609 quoque
1633 2557 1812 2597 doctrina
1828 2555 1880 2596 usi
1897 2555 2024 2596 sumus
2040 2555 2156 2595 instar
2172 2553 2456 2608 principiorum
2474 2581 2484 2601 ‚
2502 2553 2542 2593 iu

476 2617 584 2670 queis
599 2616 726 2655 multae
744 2613 1002 2653 involvuntur
1017 2613 1297 2662 conclusiones,
1309 2616 1348 2655 ὃς
1363 2628 1439 2667 qua
1458 2616 1625 2669 proinde
1641 2615 1820 2661 facilitate
1836 2625 1991 2669 poterat
2009 2612 2155 2654 reflecti
2183 2615 2222 2654 in
2248 2610 2372 2666 ipsum
2402 2615 2545 2652 autho»

477 2689 565 2718 rem
581 2704 591 2724 ,
626 2675 674 2714 ita
690 2673 915 2713 conandum
931 2671 1148 2713 censuimus
1161 2673 1265 2726 juxta
1278 2674 1493 2715 incidentes
1508 2676 1818 2729 opportunitates
1832 2704 1843 2724 ‚
1873 2677 1912 2715 ὅ(
1930 2674 2157 2715 docendum
2172 2685 2254 2726 quo
2266 2670 2373 2714 sensu
2386 2684 2430 2711 ea
2444 2686 2541 2725 pro-

477 2736 611 2778 tulerit
630 2734 782 2773 Doctor
800 2760 810 2780 ,
841 2745 968 2784 quave
989 2733 1136 2772 ratione
1149 2732 1298 2786 optime
1311 2737 1537 2775 cohaereant
1553 2736 1653 2776 dieta
1668 2734 1777 2788 ipsius
1795 2764 1804 2773 .

593 2792 667 2834 Sed
692 2792 799 2846 ajunt
816 2819 826 2840 ,
844 2792 1016 2839 venditas
1029 2804 1128 2845 ergo
1143 2802 1184 2832 ut
1198 2795 1300 2833 Scoti
1315 2808 1400 2847 quae
1415 2794 1549 2835 Scotus
1569 2808 1651 2835 non
1666 2794 1780 2843 dicit,
1809 2806 1880 2834 nec
1896 2791 2006 2848 sentit
2024 2823 2032 2833 .
2057 2792 2210 2844 Utique
2227 2791 2426 2831 interdum
2447 2804 2544 2831 con·

476 2864 540 2895 tra
577 2852 785 2894 solutiones
806 2864 882 2893 :m
950 2851 1132 2902 produco
1177 2849 1435 2892 fundamenta
1459 2854 1665 2907 Aquinatis
1682 2855 1806 2895 stantis
1825 2853 1845 2894 e
1866 2853 2026 2906 regione
2039 2852 2225 2892 dotstrinae
2252 2850 2322 2891 suae
2336 2877 2348 2900 ‚
2379 2850 2462 2903 quo
2492 2851 2542 2891 dc

482 2912 621 2953 eadem
639 2910 892 2950 dissolvantur
906 2937 917 2958 ,
945 2908 1012 2949 nisi
1029 2910 1066 2950 in
1083 2911 1259 2950 terminis
1279 2925 1347 2964 per
1363 2906 1593 2965 magistrum
1624 2914 1675 2953 eis
1702 2912 1861 2956 obviam
1881 2913 1977 2953 itum
1994 2910 2036 2951 sit
2063 2925 2071 2951 :
2092 2920 2156 2952 aut
2185 2909 2293 2951 certe
2324 2909 2462 2949 adfero
2492 2923 2545 2951 ex

480 2982 588 3012 textu
604 2984 688 3024 quae
704 2971 762 3009 alii
778 2967 999 3012 obiecissent
1015 2997 1026 3017 ,
1054 2971 1093 3009 &
1120 2970 1168 3009 de
1195 2969 1324 3009 verbis
1353 2985 1396 3011 ae
1425 2971 1592 3013 sensibus
1619 2972 1697 3026 ejus
1724 2970 1901 3025 responsa
1930 2984 2087 3024 appono
2106 3003 2114 3010 .
2140 2971 2272 3022 Atque
2286 2971 2366 3009 haec
2395 2982 2512 3022 agens
2529 2998 2540 3018 ‚

481 3030 611 3084 sicque
641 3043 704 3069 nie
735 3041 874 3083 gerens
890 3056 900 3076 ,
934 3028 996 3079 ajo
1012 3057 1022 3076 ‚
1056 3030 1259 3069 Summam
1290 3029 1466 3083 scripsisse
1490 3032 1774 3086 Theologicam
1789 3059 1800 3080 ,
1826 3044 1911 3084 quae
1939 3031 2122 3070 Dostoris
2162 3029 2315 3069 Subtilis
2348 3056 2359 3077 ,
2402 3031 2441 3068 &
2468 3031 2537 3068 11:1-

480 3090 619 3130 beatur
637 3090 675 3128 δε
691 3098 849 3128 vocetur
876 3118 883 3125 .
915 3088 1038 3145 Qod
1063 3086 1089 3127 si
1121 3088 1373 3128 nihilominus
1402 3090 1499 3130 stent
1528 3093 1567 3130 in
1593 3089 1778 3131 sententia
1792 3119 1803 3140 ,
1822 3092 1861 3130 &
1884 3090 2091 3142 deceptum
2123 3101 2184 3130 me
2211 3098 2371 3141 putent,
2401 3091 2454 3127 his
2482 3097 2539 3127 ta-

481 3162 574 3189 men
593 3162 672 3188 non
691 3161 859 3187 moveor
876 3175 885 3193 ‚
910 3159 980 3186 nec
1008 3146 1131 3187 fecisse
1162 3148 1323 3201 poenitet
1342 3164 1352 3197 ·,
1374 3150 1607 3190 Novienim
1623 3150 1773 3190 dudum
1800 3153 1880 3190 haec
1911 3148 2051 3189 eadem
2077 3147 2229 3200 objetsta
2257 3145 2359 3186 t'uin‘e
2388 3146 2538 3200 Lipfio,

480 3208 650 3261 principi
668 3207 717 3247 illi
738 3208 1000 3246 Literatorum
1020 3235 1030 3254 ,
1061 3207 1155 3247 dum
1174 3220 1220 3246 ex
1235 3206 1349 3247 variis
1374 3209 1620 3249 diversorum
1647 3212 1860 3249 authorum
1876 3208 1986 3249 dictis
2016 3220 2152 3247 aureos
2169 3206 2288 3246 libros
2307 3205 2438 3247 Civilis
2454 3206 2537 3246 Do-

480 3266 613 3308 elrinae
628 3275 877 3313 contexerem
908 3265 1002 3305 mihi
1015 3277 1113 3319 ergo
1128 3295 1138 3314 ‚
1162 3267 1202 3306 ὃ(
1226 3266 1278 3305 illi
1309 3267 1361 3307 est
1388 3268 1525 3308 eadem
1557 3267 1753 3321 responsio
1780 3266 2004 3308 communis
2035 3279 2044 3305 ε
2079 3263 2177 3307 Won
2204 3263 2303 3306 resfa>
2331 3265 2513 3318 inquiunt
2527 3294 2538 3314 ‚

478 3341 545 3367 nec
558 3341 601 3367 ex
622 3324 851 3381 Scrietormn
865 3333 985 3364 mente
1001 3325 1168 3379 quiedam
1182 3325 1274 3365 citas
1303 3355 1312 3365 .
1336 3323 1467 3381 Qam
1482 3324 1644 3384 rist'cmn
1660 3328 1724 3367 hoc
1748 3326 1909 3369 audivi?
1940 3324 2055 3368 Wam
2070 3338 2206 3366 revera
2232 3325 2383 3381 cassant
2412 3320 2540 3380 insciti

479 3385 642 3426 homines
656 3413 664 3433 :
694 3383 793 3438 quod
803 3384 1009 3437 elegantior
1023 3384 1161 3439 aliquis
1176 3384 1272 3424 mihi
1281 3385 1341 3425 det
1353 3387 1392 3425 in
1406 3386 1576 3429 laudem.
1606 3384 1692 3442 Q>
1707 3386 1822 3426 aliter
1824 3387 1935 3442 potui
1944 3394 2012 3427 aut
2026 3384 2139 3426 debui
2153 3384 2194 3425 in
2211 3380 2424 3440 hocscrtpto
2451 3386 2466 3423 ?
2499 3381 2541 3423 ld

479 3441 829 3501 modo‘sjiefflandam
845 3442 893 3498 cst
907 3456 952 3483 ne
964 3471 974 3491 ‚
1001 3443 1097 3498 quid
1104 3444 1143 3483 in
1146 3439 1379 3499 sententiam
1392 3444 1595 3502 improbam
1611 3442 2012 3502 ausfaisamfleffatur
2030 3474 2040 3484 .

599 3501 783 3554 Denique
798 3531 808 3549 ‚
832 3500 857 3540 si
874 3505 953 3542 haec
965 3504 1125 3555 propria
1141 3501 1325 3556 Lipfianae
1341 3502 1539 3559 scriptioni
1555 3505 1761 3545 videantur
1774 3533 1784 3552 ,
1808 3504 2027 3558 nostraeque
2041 3515 2130 3543 cum
2146 3502 2208 3542 illa
2223 3502 2317 3542 nihil
2331 3499 2402 3541 esse
2428 3514 2540 3542 com-

483 3575 627 3615 mune,
657 3561 721 3601 eti]
739 3559 891 3600 fortasse
909 3561 930 3600 ii
948 3561 995 3600 de
1011 3561 1197 3601 sententia
1209 3562 1401 3603 decedent
1413 3592 1423 3612 ,
1448 3562 1537 3604 curn
1553 3564 1724 3606 viderint
1739 3564 1842 3604 Scoti
1857 3574 2007 3604 textum
2024 3561 2072 3602 ad
2088 3565 2192 3602 hunc
2209 3589 2220 3610 ,
2248 3570 2366 3613 atque
2395 3560 2540 3601 illum„

483 3622 643 3675 scopum
659 3621 869 3660 deduesium
886 3647 895 3667 ,
929 3619 1161 3673 diversisque
1176 3621 1487 3663 conclusionibus
1501 3634 1671 3677 aptatum
1690 3651 1700 3671 ‚
1726 3623 1835 3675 quod
1851 3623 1911 3664 ille
1929 3636 2011 3663 non
2025 3620 2171 3661 fecerat
2184 3648 2196 3669 ‚
2229 3633 2300 3659 nec
2327 3618 2537 3659 futurum

485 3680 745 3734 praeviderat,
779 3679 817 3718 &
836 3678 981 3718 nedum
1006 3680 1054 3718 ad
1081 3681 1418 3733 complementum
1438 3712 1449 3731 ,
1475 3684 1513 3722 &
1537 3693 1721 3722 ornatum
1747 3682 1946 3734 quendam
1971 3679 2221 3734 quaesitorum
2237 3707 2251 3728 ‚.
2271 3692 2357 3731 quae
2385 3679 2535 3719 Dostor

484 3739 695 3791 aliquando
711 3739 749 3778 in
763 3738 938 3777 terminis
973 3752 1052 3777 non
1067 3739 1240 3779 extendit
1255 3768 1265 3788 ‚
1295 3739 1358 3779 sed
1373 3741 1420 3780 ad
1452 3741 1624 3795 spiritum
1639 3770 1650 3789 ,
1683 3743 1722 3780 &
1738 3742 1873 3788 vitam,
1913 3739 1934 3781 ὲ
1953 3739 2063 3780 fonte
2094 3738 2275 3792 Magistri
2308 3738 2436 3786 Secti,
2468 3749 2535 3789 pet

487 3797 675 3852 quostiam
695 3798 810 3838 veluti
827 3798 977 3837 canales
992 3797 1232 3847 dci-{vatam
1261 3799 1315 3839 his
1330 3809 1462 3841 tamen
1478 3814 1554 3855 ego
1571 3814 1651 3841 non
1668 3801 1834 3841 mustum
1856 3799 2048 3855 refragor
2063 3827 2076 3851 ,
2099 3797 2219 3840 sciens
2246 3797 2392 3850 alioqui
2421 3808 2541 3836 cona*

2383 3866 2482 3904 tum,
