2666 4109
687 145 904 212 Tomus
926 144 967 212 1.
987 144 1146 215 Pars
1163 149 1201 216 l.
1214 150 1481 242 Qaestio
1505 151 1697 223 XXV.
1711 158 1850 224 Art.
1875 161 1962 229 III.

333 249 394 281 per
410 239 509 273 solam
527 240 728 274 novitatem
747 248 864 273 ortam
884 244 915 273 in
933 240 1042 274 causis
1062 245 1291 287 intermeant,

329 299 502 331 qnatenus
527 287 645 322 affliva
661 289 787 324 scilicet
803 316 813 331 ‚
841 289 870 322 8(
886 288 1013 335 paffiva
1047 290 1132 326 infra
1148 293 1287 328 causam

331 344 479 382 primam
494 336 726 373 diversimode
741 339 769 373 se
785 340 913 374 habent
932 344 963 373 in
978 341 1165 383 caniand03
1180 348 1287 377 etiam

329 385 351 418 fi
371 385 516 423 effeetus
533 387 727 423 causandus
743 389 778 424 fit
798 388 946 435 ejusdcm
979 394 1147 433 rationis,
1174 392 1288 436 potest

329 437 433 474 Deus
458 439 564 484 ipsum
591 439 791 474 immediate
807 439 946 473 causare
964 465 975 480 ‚
1004 440 1094 474 nulla
1111 441 1289 487 positano-

329 493 445 523 vitate
457 500 502 522 ex
515 498 614 535 parte
626 489 742 529 stti,sed
754 490 800 524 ob
813 493 1010 523 novitatem
1023 496 1287 536 receptivarum

328 540 510 574 causarum
528 567 538 582 ‚
567 538 653 573 ficut
671 539 716 574 sol
735 539 930 574 immediate
947 539 1048 574 [eluit
1067 540 1236 585 glaciem,
1254 541 1288 576 8(

327 590 498 634 coagulat
513 590 624 623 lutum
641 616 650 629 ,
667 593 752 624 citra
770 599 911 623 omnem
927 587 971 622 sui
993 592 1285 631 mutationem3&

327 645 372 675 ita
388 640 522 685 pariter
541 638 585 674 de
602 638 766 675 sfntentia
786 637 987 674 Ar·stotelis
1001 644 1142 683 corpori
1162 640 1287 677 huma-

322 703 370 725 no
385 689 601 734 organizato
614 715 623 728 ‚
652 688 754 725 Deus
769 687 971 723 necessitate
986 690 1286 727 immutabilitate

322 739 441 775 causat
458 738 550 772 hanc
564 744 712 773 animam
726 766 735 780 ‚
768 749 873 784 quam
888 741 986 784 prius
1017 749 1083 773 non
1098 741 1260 777 cauiabat
1274 769 1285 784 ‚

322 794 402 837 quia
421 800 483 823 nec
497 797 571 822 erat
585 791 807 835 receptivum
824 790 1134 833 proportionatum
1151 815 1159 823 .
1178 789 1233 824 Ad
1248 791 1282 825 id

321 840 417 887 quod
452 838 639 873 adducitur
655 865 665 880 ‚
697 851 741 874 ex
757 852 787 881 7.
803 836 987 884 Meniphy.
1021 836 1207 873 dicendum
1236 841 1282 876 ibi

319 889 502 926 Aristoteli
531 887 799 936 disputationem
829 886 893 922 effe
922 894 1044 922 contra
1077 887 1258 924 Platonem
1271 919 1283 934 ‚

319 943 380 986 qui
410 936 640 974 necessitatem
658 937 858 973 adstruebat
892 936 1047 971 idearum
1066 950 1128 984 pro
1159 950 1277 975 rerum

318 992 547 1035 generatione
575 1000 584 1021 :
612 987 749 1023 Contra
766 1000 851 1022 vero
866 985 1076 1022 Aristoteles
1101 998 1199 1035 pntat
1217 1002 1277 1024 eas

317 1039 413 1075 haud
430 1039 494 1075 eise
506 1036 711 1073 necessarias
728 1036 942 1083 generandis
961 1047 992 1070 re
1002 1035 1066 1072 bus
1085 1040 1274 1073 materiali-

317 1090 410 1130 bus3
435 1093 513 1133 qnia
530 1087 649 1122 sufficit
667 1088 726 1122 hoc
738 1088 883 1135 aliquid
907 1086 950 1120 ad
968 1087 1186 1132 gignendum
1218 1088 1278 1124 hoc

314 1140 482 1181 αίίσπίᾸς
514 1137 582 1173 Sed
597 1150 659 1173 nec
676 1138 759 1173 Ides
780 1137 913 1183 poffunt
945 1147 1112 1182 generare
1131 1137 1198 1171 hcc
1215 1140 1276 1173 ali-

319 1181 418 1231 cuid3
435 1193 515 1236 quia
531 1187 808 1233 figeneransnon
827 1186 874 1222 est
891 1186 948 1221 boc
965 1188 1119 1230 aliquid,
1137 1199 1199 1222 nec
1213 1201 1275 1234 ge-

314 1243 426 1274 nitum
441 1243 506 1273 erit
521 1239 606 1273 tale.
637 1237 718 1273 Nec
736 1249 850 1272 tamen
867 1237 937 1271 haec
965 1238 1210 1283 consequentia
1225 1238 1273 1274 est

285 1299 288 1302 ⁴
315 1287 541 1325 ex’endenda
555 1288 598 1322 ad
617 1287 735 1323 Deum
752 1301 762 1329 3
778 1289 859 1334 quia
874 1285 895 1319 ii
911 1286 988 1320 idea
1009 1288 1270 1331 gereraret‚es-

314 1338 358 1375 fer
387 1349 556 1381 generans
588 1341 781 1372 univocum
796 1362 806 1377 ‚
835 1339 919 1381 quia
939 1335 1089 1380 aejustiem
1124 1336 1246 1383 speciei
1259 1364 1270 1374 .

311 1378 394 1424 Now}
420 1387 468 1423 est
489 1397 606 1421 autem
628 1387 741 1432 aliqua
760 1385 860 1420 causa
890 1390 1041 1420 univoca
1072 1385 1271 1430 necessaria,

309 1438 371 1474 nifi
387 1435 576 1484 composita
593 1463 603 1478 ‚
620 1436 650 1469 δι
669 1435 863 1470 materialis
878 1462 888 1477 ,
902 1434 1087 1482 cujusmodi
1107 1434 1154 1470 est
1171 1442 1268 1480 geni-

309 1499 411 1525 tum:
429 1488 484 1524 Ac
496 1486 643 1532 proinde
658 1498 724 1521 non
741 1484 788 1520 est
804 1484 1020 1520 admittenda
1040 1485 1146 1530 glcss'a
1162 1486 1178 1518 (
1190 1490 1271 1520 'om-

308 1539 535 1577 incantatoris,
563 1541 622 1583 qni
639 1535 779 1571 videtur
792 1535 983 1571 extendere
1000 1535 1125 1569 senium
1153 1534 1270 1571 Philo-

305 1589 401 1632 sopbi
415 1588 458 1622 ad
491 1586 611 1621 Deum
628 1612 638 1627 ,
667 1585 697 1619 8<
716 1585 758 1619 ad
775 1596 880 1618 omne
899 1585 1127 1620 immateriale
1146 1598 1155 1626 3
1186 1588 1265 1622 cum

303 1637 540 1684 Philosophus
553 1636 641 1670 solas
654 1634 750 1670 ideas
767 1633 922 1670 Platonis
948 1634 1139 1670 excludere
1154 1636 1268 1671 inten-

303 1688 426 1726 derit.

355 1737 415 1775 Ad
431 1739 579 1773 tertium
594 1764 605 1779 ,
624 1747 695 1782 quo
707 1732 959 1770 confirmantur
973 1734 1266 1782 argumentajam

302 1788 412 1824 soluta
430 1814 441 1827 ..
467 1785 654 1822 dicendum
670 1812 680 1827 ,
703 1795 769 1819 non
788 1783 851 1819 esse
871 1785 913 1819 ad
942 1784 1136 1830 Philoiophi
1169 1797 1263 1820 men-

301 1847 375 1875 tem
388 1865 399 1880 ‚
424 1835 542 1872 Deum
559 1834 748 1871 neceffario
766 1833 920 1869 absolute
945 1835 1087 1869 causare
1100 1835 1265 1881 quicquid

300 1885 493 1922 necessario
510 1885 630 1920 causat
644 1910 656 1926 ‚
683 1884 750 1918 hoc
764 1881 811 1917 est
829 1881 896 1919 iine
908 1883 1006 1920 causa
1022 1882 1166 1920 secunda
1189 1897 1262 1920 me·

300 1935 360 1972 dia
381 1943 506 1981 agente
518 1961 530 1977 ‚
545 1945 583 1969 ut
600 1942 700 1980 patet
715 1944 761 1967 ex
774 1931 876 1967 dietis
894 1934 935 1968 de
951 1939 1066 1968 anima
1085 1934 1263 1970 inteilefti·

299 1998 346 2022 va
360 2011 370 2021 .
384 1985 568 2021 Sententia
585 1986 692 2030 igitur
707 1983 781 2029 ejus
795 1982 862 2017 fuit
876 2010 887 2024 ‚
919 1983 1040 2019 Deum
1071 1985 1265 2020 necessario

298 2047 408 2080 agere
418 2034 586 2081 quicquid
601 2031 713 2081 potest
731 2044 835 2079 agere
850 2034 978 2070 immed
995 2035 1048 2070 ate
1062 2061 1072 2076 ‚
1102 2034 1167 2068 hoc
1196 2034 1242 2070 est
1255 2061 1266 2076 ‚

299 2085 371 2121 fine
382 2088 478 2120 omni
493 2084 609 2118 medio
623 2111 633 2126 ‚
658 2082 730 2117 sive
748 2092 876 2128 agente
893 2084 937 2119 ad
957 2087 1062 2131 ipsum
1078 2081 1239 2119 effeetum
1253 2111 1264 2127 ,

299 2135 374 2171 five
388 2134 434 2168 ad
466 2132 607 2180 aliquod
627 2134 796 2180 praevium
815 2133 1002 2179 disponens
1021 2134 1064 2168 ad
1081 2135 1175 2168 illum
1192 2161 1202 2176 ‚
1230 2135 1264 2169 <St

300 2183 371 2218 fine
384 2185 480 2219 omni
499 2183 615 2219 medio
629 2184 771 2217 causato
782 2209 792 2222 ,
825 2182 846 2217 fi
858 2205 866 2213 ι
877 2197 895 2218 e
910 2190 1042 2230 praevio
1054 2184 1097 2219 ad
1114 2186 1262 2220 eundem

299 2233 465 2272 effectum
483 2260 493 2268 .
506 2231 597 2267 Illud
613 2244 701 2278 ergo
713 2259 723 2275 ‚
737 2232 833 2278 quod
848 2231 915 2268 fine
928 2238 1025 2268 omni
1053 2233 1133 2267 med
1147 2246 1170 2267 o
1182 2247 1259 2269 cau-

298 2286 374 2322 fitto
385 2281 626 2331 praevio‚five
640 2282 803 2317 causante
824 2288 948 2331 previo
965 2310 978 2325 ‚
1001 2282 1113 2329 potest
1146 2296 1264 2330 agere,

298 2334 370 2370 hoc
384 2331 574 2368 necessario
589 2337 675 2377 agit.
694 2331 742 2366 Et
757 2335 848 2366 ratio
859 2333 918 2375 est,
931 2337 1011 2380 quia
1030 2344 1073 2368 ex
1089 2344 1161 2379 quo
1178 2334 1263 2369 istud

298 2383 401 2421 ὲίὸῐο
414 2382 493 2418 Deo
524 2381 728 2416 immediate
752 2384 899 2417 omnino
930 2382 1130 2429 dependet,
1159 2383 1262 2430 ipiius

299 2437 443 2470 novitas
457 2437 487 2466 in
502 2431 645 2467 essendo
659 2458 668 2471 ,
696 2429 767 2466 five
781 2437 1018 2478 contingentia
1034 2445 1100 2467 non
1119 2437 1246 2470 reduce

303 2493 406 2519 retur
422 2483 584 2517 ultimate
598 2510 605 2518 .
617 2480 672 2516 nifi
686 2481 728 2515 ad
744 2480 896 2523 aliquam
908 2487 1101 2518 novitatem
1117 2484 1147 2517 in
1168 2483 1263 2519 Deo:

298 2533 333 2569 8<
345 2535 393 2567 ita
407 2530 560 2566 intendit
578 2543 727 2576 arguere
745 2531 958 2579 8.Phjficit.
975 2534 1027 2568 At
1044 2534 1088 2567 de
1101 2545 1155 2574 eo,
1166 2535 1262 2580 qnod

296 2581 413 2631 potest
430 2580 531 2618 Deus
559 2581 759 2626 immediate
772 2588 913 2618 causare
928 2582 996 2617 sine
1014 2582 1111 2618 causa
1130 2594 1261 2629 agente

300 2632 416 2668 media
431 2634 625 2676 attingente
640 2630 802 2666 effeetum
817 2658 826 2673 ‚
856 2634 959 2667 morlo
977 2631 1014 2666 fit
1029 2634 1144 2680 aliqua
1159 2635 1260 2670 causa

297 2680 496 2728 dispositiva
531 2679 576 2715 ad
604 2681 708 2727 ipsum
722 2708 733 2723 ,
757 2681 813 2716 vel
844 2682 959 2717 saltem
975 2682 1054 2731 aliqt
1069 2683 1116 2718 od
1143 2684 1260 2719 caula-

296 2742 372 2770 tum
387 2735 557 2777 praevium
572 2729 776 2777 requisitum
793 2729 837 2765 ad
851 2733 998 2767 eundem
1018 2760 1028 2775 ‚
1040 2746 1108 2769 non
1123 2733 1261 2770 diceret

299 2781 509 2818 Aristoteles
522 2807 534 2823 ‚
559 2780 676 2816 Deum
718 2779 916 2827 {impliciter
944 2784 1133 2819 necessario
1164 2783 1261 2820 illum

295 2834 438 2868 causare
462 2858 474 2874 ‚
514 2829 570 2867 secl
605 2830 807 2868 necessitate
849 2833 1137 2871 inevitabilitatis
1173 2832 1261 2870 dun-

292 2891 419 2918 taxat.

347 2933 383 2967 in
410 2941 539 2967 neutro
570 2940 691 2968 autem
720 2931 864 2968 istorum
895 2934 1092 2971 concordat
1108 2945 1189 2969 cum
1214 2947 1260 2970 eo

294 2979 506 3027 Theologus
522 3007 530 3015 .
547 2980 642 3016 Nam
660 2984 759 3029 ponit
773 2983 893 3019 Deum
911 2998 971 3033 per
988 2987 1203 3022 voluntatem
1217 2985 1256 3019 li-

293 3031 400 3073 bere,
421 3031 453 3065 81
479 3036 723 3077 contingenter
748 3033 778 3068 se
794 3033 922 3070 habere
950 3035 995 3070 ad
1020 3035 1256 3083 quodcunque

292 3080 463 3116 causabiie
494 3090 619 3123 extra,
642 3082 745 3129 idque
759 3088 854 3118 omni
884 3086 1022 3121 exclusa
1053 3084 1255 3121 necestitate

290 3142 360 3165 non
377 3130 482 3165 solum
499 3132 816 3175 immutabilitatis,
842 3133 894 3169 sed
909 3139 1014 3170 etiam
1034 3135 1256 3171 inevitabili·

291 3182 380 3215 tatis
403 3207 413 3216 .
443 3178 625 3227 Quamvis
637 3193 722 3227 ergo
738 3181 945 3220 Aristoteles
960 3185 1183 3232 negetjuxta
1198 3185 1256 3222 sua

292 3230 465 3277 principia
487 3229 604 3265 Deum
616 3231 794 3277 complura
815 3233 906 3280 posse
920 3235 1127 3270 immediate
1142 3236 1257 3270 causa-

293 3291 333 3313 re
346 3306 357 3320 ‚
374 3278 501 3313 scilicet
518 3284 635 3315 omnia
656 3280 711 3316 illa
725 3308 735 3323 ,
748 3283 780 3318 in
792 3295 944 3329 quorum
959 3284 1190 3329 produt‘stione
1206 3284 1256 3320 est

295 3327 501 3374 simpliciter
511 3332 751 3375 contingentia
766 3359 776 3374 ‚
791 3333 915 3381 absque
930 3334 999 3369 ulla
1013 3346 1059 3369 ex
1078 3334 1256 3381 praedietis

292 3377 574 3420 neceffitatibus3
604 3390 720 3415 tamen
737 3381 770 3416 in
784 3383 838 3416 his
854 3383 948 3420 reeta
982 3383 1255 3429 Theologorum

292 3427 452 3463 doetrina
469 3426 525 3473 ipfi
539 3429 752 3464 contradicit
769 3458 780 3473 ‚
806 3432 886 3468 cum
898 3434 1029 3471 constet
1043 3446 1084 3470 ea
1096 3434 1164 3472 effe
1179 3446 1256 3469 om-

293 3482 378 3513 nino
391 3479 502 3513 aliena
519 3476 537 3512 a
554 3480 704 3514 veritate
719 3506 728 3514 .

346 3527 443 3576 Quia
461 3539 547 3562 vero
580 3538 745 3574 putamus
760 3556 770 3572 ‚
793 3543 857 3567 nos
870 3535 1019 3570 naturali
1043 3534 1172 3570 lumine
1186 3545 1255 3570 non

295 3576 386 3623 poffi:
403 3577 446 3611 ad
458 3575 489 3610 id
506 3577 784 3622 cognoscendum
801 3584 1009 3628 pervenire;
1038 3583 1097 3618 etsi
1112 3584 1256 3630 persua-

295 3626 483 3673 deriqueat
501 3626 572 3662 Dei
585 3634 840 3675 omnipotentia
861 3636 891 3666 in
905 3633 992 3668 sensu
1005 3635 1256 3680 arficuloprae·

295 3676 435 3710 cedenti
447 3676 629 3712 declarato
642 3705 653 3721 ‚
679 3680 952 3726 respondendum
968 3683 1018 3719 est
1037 3684 1080 3718 ad
1099 3687 1256 3720 rationes

297 3723 342 3758 ad
354 3724 553 3772 oppositum
567 3726 739 3764 adduetas
761 3757 769 3765 .
799 3731 855 3766 Ad
869 3736 1037 3778 primam,
1064 3734 1143 3767 cum
1169 3734 1255 3769 dici-

296 3780 356 3808 tur
368 3799 381 3818 ,
403 3773 533 3812 infinita
544 3787 702 3822 potentia
715 3779 810 3818 nulia
832 3782 944 3830 major
956 3781 1068 3831 potest
1081 3782 1145 3820 effe
1158 3809 1169 3827 ,
1189 3795 1254 3821 nec

2199 187 2324 249 311

1363 250 1537 292 cogitari.
1564 248 1818 294 Reipontieou
1840 265 1959 289 verum
1973 255 2038 291 csse
2052 254 2239 300 intensive,
2266 270 2320 294 at-

1362 305 1477 330 tamen
1491 303 1578 334 citra
1600 309 1706 334 omne
1734 302 1981 340 inconveniens
2002 309 2198 350 excogitari
2225 308 2317 354 posse

1361 347 1529 393 majorem
1546 346 1745 391 extensive,
1768 362 1834 397 que
1857 356 1926 387 nim
1946 366 2021 390 rum
2034 355 2077 390 ad
2093 357 2189 401 plura
2205 359 2234 393 se
2249 369 2313 392 ex-

1358 395 1519 432 tenderet
1546 397 1743 433 immediate
1760 401 1977 445 producenda
1994 417 2053 450 per
2070 407 2175 451 ipsam
2199 434 2208 442 .
2235 406 2313 443 De·

1359 445 1435 481 inde
1448 473 1458 488 ‚
1483 448 1567 482 licet
1584 446 1712 482 infinita
1729 455 1886 494 potentia
1900 452 2019 487 aetiva
2039 453 2077 487 fit
2106 459 2186 491 vere
2198 461 2311 491 omni-

1359 498 1537 540 potentia3
1567 509 1634 531 non
1648 507 1764 532 tamen
1780 499 1930 545 sequitur
1947 527 1957 543 ‚
1980 502 2000 536 fi
2021 508 2153 539 ratione
2167 517 2311 541 natura-

1355 544 1376 578 li
1397 546 1509 592 potest
1521 547 1679 580 concludi
1696 547 1761 581 hoc
1774 548 1903 584 habere
1922 550 2088 588 infinitam
2105 559 2309 602 potentiam;

1353 596 1815 642 ergo&omnipotentiam;
1841 604 1923 645 quia
1955 614 2020 636 non
2047 603 2093 638 est
2110 616 2230 640 notum
2256 618 2311 641 ra-

1350 650 1449 681 tione
1462 647 1635 687 naturali,
1665 645 1831 682 infinitam
1846 654 2036 694 potentiam
2061 653 2125 689 effe
2149 657 2309 699 omnipo-

1350 700 1499 732 tentiam
1517 698 1546 732 in
1563 696 1651 732 sensu
1667 694 1964 745 Theologorum3
1997 703 2068 737 imo
2080 703 2212 740 diceret
2231 703 2311 739 Phi-

1349 746 1538 790 losophus,
1559 747 1652 781 hanc
1679 751 1972 793 omnipotentiam
2000 754 2182 789 involvere
2219 766 2306 788 con-

1346 795 1616 839 tradifuonem,
1637 801 1719 844 quia
1735 798 1862 833 exinde
1889 799 2088 846 sequeretur
2115 802 2307 838 destructio

1345 846 1479 882 ordinis
1489 846 1672 882 essentialis
1684 848 1863 882 causarum
1880 876 1891 892 ‚
1903 849 1925 884 fi
1940 856 2059 886 omnia
2075 864 2136 899 per
2153 856 2182 889 se
2200 853 2308 900 ipsam

1346 896 1550 932 immediate
1569 899 1879 942 attingeretprima
1897 901 1997 936 causa
2017 927 2026 935 .

1398 945 1455 981 Ad
1470 946 1572 980 aliam
1590 946 1838 992 probationem
1856 950 2047 997 respondeo
2059 979 2069 995 ‚
2083 965 2162 988 eam
2181 958 2306 1002 utique

1343 995 1411 1031 esse
1441 996 1657 1034 probabilem
1682 1023 1694 1039 ‚
1730 1009 1796 1033 non
1838 1008 1954 1036 tamen
1991 1002 2304 1041 demonstrativam

1343 1044 1578 1091 Philosopb03
1612 1045 1750 1082 Etenim
1780 1061 1924 1096 propter
1955 1064 1995 1087 ea
2013 1080 2022 1093 ,
2045 1065 2121 1099 qhae
2150 1054 2304 1092 addufla

1343 1094 1415 1129 sunt
1430 1095 1471 1130 ad
1488 1094 1691 1131 solutionem
1711 1125 1721 1139 ‚
1738 1111 1879 1144 negaret
1892 1100 1988 1136 istam
2004 1104 2276 1150 propositionem
2295 1133 2306 1149 ‚

1340 1141 1529 1193 Qicquid
1541 1146 1623 1190 mse
1633 1151 1837 1183 emmenxer.
1843 1150 2100 1190 &virtualiter
2113 1154 2215 1190 hahes
2227 1160 2304 1191 vir-

1339 1203 1454 1228 tutem
1469 1193 1621 1229 afficiam
1631 1198 1738 1241 caeusae
1750 1203 1922 1244 proximet
1934 1227 1945 1242 ‚
1974 1203 2083 1249 *polest
2097 1207 2303 1244 numelli-'ase

1339 1243 1500 1289 effessum
1512 1244 1614 1278 illius
1625 1247 1734 1291 cau-fit
1746 1249 1890 1293 masiti?
1902 1277 1910 1285 .
1932 1251 2080 1287 Diceret
2100 1255 2209 1298 igitur
2224 1255 2301 1292 inde

1337 1293 1475 1330 tantum
1504 1293 1616 1340 sequi,
1646 1295 1740 1339 posse
1766 1300 1906 1341 quidem
1933 1304 2117 1337 continens
2145 1310 2299 1341 eminen-

1336 1346 1420 1380 tiori
1440 1343 1545 1378 modo
1561 1346 1726 1380 virtutem
1742 1345 1905 1383 effeetum
1922 1354 2093 1395 attingere
2106 1378 2117 1393 ‚
2141 1364 2178 1389 ut
2194 1359 2224 1390 in
2241 1357 2300 1391 suo

1334 1392 1458 1428 ord-‘ne
1473 1393 1582 1427 causae
1596 1393 1750 1437 altioris,
1763 1397 1793 1431 8(
1809 1410 1905 1433 remo
1926 1400 1938 1434 i
1957 1403 2011 1434 ris
2029 1426 2041 1442 ,
2054 1401 2185 1437 adeout
2201 1416 2300 1440 amo=

1333 1455 1367 1479 ta
1383 1445 1482 1477 causa
1511 1447 1695 1488 proxima,
1722 1445 1805 1480 nihil
1839 1449 2073 1493 producwtt,
2099 1452 2194 1498 quod
2220 1455 2301 1491 esset

1334 1492 1479 1529 effefhis
1493 1493 1601 1528 causae
1614 1493 1763 1529 fecundae
1775 1524 1784 1538 ‚
1814 1495 1902 1533 ficut
1918 1501 1965 1534 sol
1978 1498 2044 1534 fine
2072 1500 2211 1537 homine
2227 1517 2297 1540 non

1334 1543 1441 1579 efficit
1469 1542 1663 1579 hominem.
1692 1543 1738 1579 Et
1769 1546 1850 1583 cum
1877 1549 2054 1591 subditur,
2075 1552 2300 1597 imperfefflo

1332 1605 1401 1628 non
1417 1594 1607 1639 requiritur
1622 1593 1664 1627 ad
1683 1597 1890 1633 causandum
1913 1627 1921 1635 .
1946 1599 2214 1645 Responderet;
2248 1605 2299 1641 Τὰ

1330 1644 1542 1678 immedjace
1556 1643 1703 1688 causta-e
1717 1672 1728 1687 ‚
1743 1644 1816 1682 duo
1832 1649 2027 1694 praeseferre
2044 1662 2187 1694 ‚nempe
2203 1653 2233 1688 8(
2249 1656 2299 1701 ip·

1333 1693 1401 1727 sam
1415 1693 1655 1727 causationem
1672 1720 1684 1736 ‚
1711 1707 1856 1745 eamque
1871 1698 1913 1733 de
1943 1697 2051 1733 caufae
2078 1702 2297 1745 pera-&tone

1331 1741 1559 1784 descendere,
1573 1742 1603 1777 8<
1621 1755 1852 1789 promanare3
1881 1746 1927 1784 Et
1943 1748 2085 1784 modum
2101 1778 2111 1793 ‚
2145 1751 2217 1788 five
2234 1757 2298 1791 im-

1332 1792 1584 1827 mediationem
1601 1793 1789 1839 causandi,
1813 1810 1964 1845 eumque
1992 1811 2165 1836 annexam
2182 1810 2297 1849 requi-

1331 1852 1408 1877 rere
1425 1841 1748 1887 imperfeEtionem3
1769 1858 1810 1880 ac
1823 1858 2013 1894 propterea
2030 1848 2074 1883 ad
2093 1853 2296 1890 immediate

1328 1891 1540 1926 causandum
1558 1903 1784 1938 concurrere,
1800 1909 1840 1932 ac
1854 1900 2014 1946 preexigi
2029 1899 2161 1934 neceffa
2171 1903 2222 1937 rio
2235 1906 2299 1939 im-

1330 1940 1607 1988 perfee‘tionem:
1634 1954 1701 1977 non
1716 1944 1815 1987 sane,
1842 1957 1883 1982 ut
1900 1959 1939 1982 ea
1954 1946 1992 1982 sit
2003 1953 2095 1983 ratio
2106 1951 2295 1995 causandi,

1331 1991 1384 2026 sed
1401 1994 1513 2037 magis
1527 1992 1682 2026 conditio
1697 1996 1881 2032 necessaria
1897 2001 1928 2032 in
1944 2007 2069 2039 agente
2087 2026 2094 2033 .
2113 1999 2186 2035 Ubi
2203 2006 2298 2038 enim

1330 2040 1379 2076 est
1393 2042 1482 2076 ordo
1497 2040 1686 2077 effentialis
1700 2070 1710 2085 ‚
1737 2044 1783 2079 ibi
1799 2051 1921 2093 nequit
1935 2047 2067 2092 aliquid
2094 2048 2160 2084 esse
2174 2057 2294 2096 proxi·

1328 2103 1422 2126 mum
1457 2089 1769 2138 imperfectissima,
1796 2095 1853 2131 niii
1886 2096 1992 2143 ipsum
2026 2094 2065 2131 iit
2092 2099 2296 2146 aliqualiter

1328 2142 1570 2186 imperiis-tum
1590 2155 1600 2183 ς
1626 2146 1705 2188 quia
1724 2143 1745 2178 fi
1766 2145 1961 2191 perfeetum
1990 2145 2079 2181 foret
2093 2155 2298 2194 proximum

1331 2190 1629 2235 imperi'eftissimo
1641 2219 1651 2233 ‚
1676 2192 1760 2228 esset
1776 2198 1870 2242 aeque
1887 2195 2134 2232 immediatum
2148 2201 2297 2237 cuilibet

1329 2241 1385 2276 alii
1403 2240 1420 2276 a
1439 2242 1467 2274 ie
1485 2269 1496 2284 ‚
1524 2242 1682 2288 adeoque
1696 2247 1835 2281 interea
1851 2258 1918 2281 non
1936 2246 2133 2282 versaretur
2146 2250 2236 2284 ordo
2250 2251 2298 2286 es·

1328 2290 1502 2334 sentiatis,
1532 2289 1631 2326 ficuti
1667 2305 1734 2327 non
1750 2295 1834 2331 esset
1861 2297 1950 2331 orio
1976 2294 2161 2331 essentialis
2177 2303 2205 2334 in
2225 2300 2296 2346 spe·

1328 2341 1450 2376 ciebus
1467 2353 1690 2377 numerorum
1707 2357 1717 2387 ς
1747 2343 1767 2378 fi
1782 2347 1946 2393 quaelibet
1970 2347 2065 2391 aeque
2093 2349 2294 2387 immediate

1328 2388 1540 2436 procederet
1558 2391 1602 2426 ab
1617 2397 1754 2429 unitate
1767 2421 1778 2436 ‚
1804 2407 1913 2440 atque
1929 2395 1974 2430 ab
1987 2406 2027 2429 ea
2038 2396 2162 2432 eodem
2178 2401 2295 2445 gradu

1326 2440 1469 2476 distaret
1498 2467 1508 2476 .
1537 2440 1680 2486 Negant
1710 2445 1818 2488 igitur
1846 2445 2042 2491 Philosophi
2070 2450 2296 2496 omnipoten—

1327 2495 1413 2526 tiam
1432 2494 1464 2524 in
1497 2490 1656 2533 De0‚non
1669 2497 1748 2539 quia
1770 2495 1800 2529 in
1817 2497 1889 2542 ipio
1903 2507 1968 2531 non
1985 2499 2184 2541 reperiatur
2208 2505 2294 2535 emi·

1325 2539 1517 2576 nentiffime
1535 2545 1648 2576 omnis
1664 2543 1831 2584 perfeffio
1845 2546 2028 2581 causarum
2047 2545 2294 2594 secundarum3

1323 2602 1388 2626 nec
1424 2600 1549 2637 putant
1576 2591 1719 2627 subinde
1735 2605 1781 2628 ex
1795 2594 1907 2631 caufis
1937 2596 2110 2642 proximis
2139 2595 2292 2634 fieriali-

1321 2652 1425 2688 quam
1439 2640 1660 2677 additionem
1674 2647 1794 2679 virtuti
1808 2645 1901 2680 illius
1913 2675 1923 2689 ‚
1951 2645 2004 2680 sed
2023 2650 2215 2690 opinantur
2229 2649 2295 2684 has

1322 2689 1513 2726 necessario
1527 2693 1685 2737 requiri,
1706 2703 1744 2727 ut
1759 2693 1929 2731 habeatur
1941 2694 2108 2731 ordinata
2123 2696 2293 2744 perfeetio

1323 2739 1533 2776 descendens
1560 2740 1605 2774 ad
1635 2742 1798 2778 ultimum
1827 2744 2097 2792 imperfeelum3
2128 2747 2291 2785 ordinata

1323 2800 1444 2827 autem
1470 2789 1642 2837 perfee‘tio
1667 2804 1733 2827 non
1776 2793 1929 2831 habetur
1964 2794 2034 2830 {ine
2057 2795 2287 2835 diminutione

1322 2839 1550 2889 perfeetionis
1560 2867 1572 2882 ‚
1597 2840 1630 2875 ἃ
1641 2853 1722 2877 cum
1736 2845 2005 2891 imperfestione
2017 2857 2151 2882 annexa
2165 2876 2174 2883 .

1375 2889 1623 2925 Nihilominus
1645 2895 1729 2939 quia
1756 2896 1907 2930 naturali
1933 2897 2066 2932 lumine
2089 2897 2288 2934 intelleftus

1321 2940 1495 2989 probatur
1511 2940 1629 2976 Deum
1644 2941 1688 2977 ad
1704 2954 1804 2980 extra
1822 2945 1929 2981 libere
1944 2974 1953 2987 ,
1979 2947 2011 2981 &
2039 2950 2286 2992 contingenter

1323 3001 1432 3036 agere
1449 3004 1458 3032 ς
1489 2991 1643 3036 alioquin
1659 2993 1750 3028 nulla
1765 2993 1847 3030 esset
1863 2995 2029 3041 poffibilis
2044 3001 2287 3041 contingentia

1324 3044 1357 3076 in
1374 3040 1595 3076 inferioribus
1611 3068 1622 3082 ‚
1646 3042 1679 3076 8<
1703 3044 1908 3080 nihilcauiae
1932 3045 2085 3082 secundae
2112 3047 2286 3092 produce-

1321 3102 1419 3132 rent,
1449 3089 1480 3124 8(
1502 3093 1651 3127 malitiei
1665 3092 1778 3128 nullus
1793 3093 1875 3130 esset
1892 3095 1990 3131 locus
2020 3098 2053 3129 in
2067 3094 2178 3131 causis
2197 3098 2286 3134 libe-

1318 3143 1368 3175 ris
1385 3140 1887 3188 ‚confiequenterostenditur‚
1900 3147 2051 3192 primum
2067 3158 2134 3180 non
2155 3145 2220 3181 effe
2238 3150 2283 3183 ita

1320 3189 1402 3224 huic
1417 3189 1537 3226 ordini
1565 3192 1771 3235 addietum,
1797 3205 1998 3240 utpraeter,
2022 3196 2076 3231 vel
2105 3207 2226 3231 contra
2246 3198 2286 3232 il-

1322 3239 1395 3274 lum
1413 3251 1520 3285 agere
1537 3253 1603 3276 non
1620 3243 1758 3284 valeat,
1785 3244 1981 3280 ac'subinde
2004 3246 2113 3290 ipsum
2128 3245 2193 3280 effe
2209 3259 2287 3281 om-

1321 3294 1541 3336 nipotentem
1560 3296 1594 3326 in
1610 3291 1700 3327 sensu
1716 3291 1989 3339 Theologorum
2010 3295 2156 3330 videtur
2171 3298 2284 3341 mag‘s

1321 3339 1528 3385 probabile,
1559 3340 1664 3387 quam
1687 3342 1888 3391 oppositum
1917 3358 1928 3386 ς
1966 3356 2048 3380 cum
2077 3344 2286 3390 suppositum

1320 3388 1612 3435 Philosophorum
1629 3418 1640 3432 ‚
1659 3397 1714 3427 cui
1743 3396 1922 3430 contraria
1951 3396 2102 3441 ipsorum
2120 3396 2283 3431 sententia

1320 3442 1479 3474 innititur
1504 3451 1565 3483 per
1588 3442 1791 3480 naturalem
1817 3447 1989 3481 rationem
2005 3443 2165 3479 falsitatis
2184 3444 2284 3491 plane

1319 3493 1558 3525 convincatur
1573 3516 1583 3527 .

2129 3842 2277 3881 ARTI-

2333 2899 2359 2920 ι.
2370 2889 2429 2919 dist.
2440 2889 2468 2920 S.
2480 2900 2541 2930 45·

2327 3070 2454 3100 Videnda
2465 3083 2540 3110 quae—

2328 3108 2378 3137 stio
2406 3119 2430 3137 t..
2447 3113 2479 3140 de
2496 3122 2541 3140 re-

2325 3157 2386 3176 rum
2401 3151 2539 3189 principio

2325 3196 2355 3216 n.
2371 3195 2418 3222 ¹1·
