2583 4109
970 163 1141 231 (ΠΙ.)

40 290 193 330 tumulo
208 284 552 329 nominati'ffirnum
565 283 746 326 floruisse.
762 284 835 324 Sed
848 284 1017 325 Portum
1033 286 1138 325 hunc
1149 283 1325 324 Mauritii
1341 287 1446 326 hunc
1459 285 1588 327 verius
1603 288 1666 329 alii
1681 289 1720 330 in
1734 288 1956 332 Momoniae
1967 293 2071 333 Pro-

42 348 166 390 vincia
181 348 416 387 constituunt
429 374 438 384 .
1525 357 1527 360 ’

101 408 150 446 Υ.
183 407 252 447 His
264 405 436 459 adiungo
451 416 499 445 ex
527 404 665 444 eadem
694 402 962 457 Metaphysica
988 415 1072 443 non
1100 402 1188 444 leve
1215 412 1525 456 argumentum,
1553 405 1637 458 ipfis
1671 410 1788 453 Scon
1818 408 1950 450 verbis
1974 425 2070 451 con-

42 477 197 519 ceptum
226 495 235 503 .
266 466 373 505 Nam
388 473 427 503 ut
444 463 654 516 explicaret
669 472 841 503 mentem
855 461 1105 514 Philosophi,
1135 462 1298 502 dicentis
1331 462 1371 502 in
1399 461 1630 504 definitione
1659 468 1867 507 accidentis
1898 471 2067 522 copulati

42 524 269 580 ponendum
289 522 359 562 esse
376 523 583 562 necessario
615 522 923 562 determinatum
951 520 1165 573 subjeetum
1181 549 1194 570 ,
1222 519 1462 562 subditistud
1477 524 1705 576 exemplum
1737 538 1746 563 z
1760 524 1893 581 sicut,
1925 528 2067 580 inquit,

42 584 84 624 in
97 582 305 639 defi-titione
335 583 370 622 S.
398 582 596 621 funerei
613 611 623 630 ,
649 583 710 622 vel
739 583 773 621 S.
794 582 968 622 Pin-mm
987 580 1150 637 ponitur
1179 575 1379 638 neceffario‘
1407 581 1510 622 homo
1537 612 1546 621 .
1574 583 1854 624 Occurrerunt
1881 586 1987 626 enim
2018 600 2066 627 ex

41 641 176 683 affectu
192 642 356 689 mentis,
380 642 621 694 Religionis,
643 642 683 680 δε
717 641 881 680 nationis
899 639 1081 695 patroni,
1104 638 1328 681 franciscus
1341 639 1532 689 Instituti‚
1561 642 1601 681 &
1629 643 1810 683 Patritius
1837 645 1949 698 regni
1976 658 1984 682 :
2012 644 2065 685 ita

38 714 210 754 namque
241 702 279 740 in
312 699 634 741 consuetudinem
660 698 779 748 abiit,
809 709 850 739 ut
864 713 965 753 quos
982 698 1185 741 ferventer
1211 711 1388 740 amamus
1404 727 1417 749 ,
1448 698 1597 741 facilius
1629 700 1815 743 sermone
1847 704 2065 758 compelle-

38 774 124 801 mus
143 789 153 809 ,
174 762 213 799 ὃς
228 773 328 812 quos
344 757 483 798 affectu
498 757 678 799 fovemus
694 787 705 808 ‚
731 759 995 812 exprimamus
1010 756 1127 799 affatu
1139 788 1150 798 .

98 820 166 860 Vl.
199 819 377 859 Adnecte
404 818 545 858 deinde
573 819 828 859 traditionem
857 819 989 872 populi
1018 815 1212 858 Dunenfis
1228 846 1241 867 ‚
1267 816 1432 874 indigne
1461 817 1648 869 ferentis,
1673 818 1802 875 fiquis
1821 819 1890 863 sibi
1908 823 2065 876 persua-

39 879 121 918 deri
141 879 341 932 permittat
355 879 601 918 contrarium
627 908 636 917 .
666 877 781 918 Adde
808 879 925 918 etiam
957 876 1286 931 conspirationem
1301 879 1419 919 totius
1433 880 1544 933 regni
1564 908 1575 929 ,
1602 881 1643 920 &
1674 881 1848 921 innatam
1877 881 2066 923 universis

36 937 226 980 Hibernis
242 966 253 986 ‚
280 937 327 976 ad
343 939 452 978 scon
469 937 677 990 dogmata,
704 936 1013 991 propensionem
1039 949 1047 976 ε
1073 949 1202 989 neque
1215 937 1321 977 enim
1334 938 1596 979 franciscanis
1611 939 1824 989 duntaxat,
1852 942 1893 982 &
1915 940 2070 982 Profes-

39 996 83 1040 fis
98 997 287 1038 doetrinae
300 996 465 1043 asseclis,
493 1009 633 1036 verum
660 997 699 1035 &
725 996 1024 1038 omnisinstituti
1056 994 1294 1046 viris<st210s
1321 996 1406 1036 illos
1439 998 1626 1053 excipias,
1649 1000 1719 1053 qui
1732 999 1916 1054 jurarunt
1941 999 1982 1043 in
2012 1002 2065 1041 D.

41 1059 206 1100 Thomae
231 1056 457 1096 doctrinam
481 1056 498 1103 )
523 1055 692 1096 inditum
722 1058 827 1097 hunc
855 1056 1017 1097 Scoticae
1043 1054 1256 1096 subtilitatis
1282 1055 1493 1109 conspicies
1520 1056 1704 1100 affestum
1720 1086 1731 1108 ‚
1761 1061 1800 1100 δε
1826 1059 2066 1101 desiderium

38 1119 202 1171 ingens,
225 1113 455 1169 proferendi
479 1115 631 1168 gentilis
660 1114 730 1155 suis
771 1115 984 1169 dogmata,
1008 1114 1306 1168 quibuscunque
1336 1114 1525 1157 dozstrinis
1551 1118 1723 1159 externis
1752 1150 1762 1160 .
1787 1120 1967 1161 Demum
1997 1133 2067 1162 co-

39 1175 188 1218 ronidis
218 1176 308 1215 loco
336 1186 424 1214 eam
453 1174 633 1228 produco
659 1175 853 1215 rationem
869 1204 880 1224 ,
906 1175 1125 1216 convenire
1160 1183 1319 1228 patriae,
1348 1188 1469 1227 quam
1495 1175 1806 1231 praescribimus,
1831 1193 2065 1234 cognomen

39 1238 152 1277 Duns
165 1263 177 1284 ‚
201 1235 239 1275 ἃ
257 1246 457 1288 agnomen
473 1235 585 1274 Scon
598 1262 609 1282 ,
638 1244 679 1274 ut
695 1234 787 1274 illud
799 1235 821 1274 a
837 1235 992 1275 civitate
1007 1261 1018 1283 ,
1047 1234 1108 1274 vel
1121 1233 1284 1287 oppido
1301 1235 1435 1275 nativo
1450 1264 1462 1284 ,
1491 1239 1568 1277 hoc
1599 1237 1621 1277 *a
1637 1251 1766 1291 regno
1783 1267 1795 1285 ‚
1821 1241 1883 1279 vel
1916 1238 2064 1280 familia

39 1295 256 1336 deducatur
284 1322 294 1334 .
322 1293 359 1334 A
387 1294 505 1333 Dum
520 1294 629 1333 Dst
656 1293 860 1336 contracte
884 1295 958 1347 pro
988 1290 1182 1343 Dunlius,
1207 1293 1268 1333 vel
1286 1292 1491 1351 Dunsensts
1515 1309 1524 1335 :
1552 1297 1694 1339 Scorvz
1712 1299 1734 1336 a
1765 1311 1893 1353 regno
1911 1327 1923 1348 ,
1949 1299 2063 1352 quod

39 1355 156 1396 etiam
175 1352 302 1394 Scotiae
317 1353 504 1401 nomine,
531 1354 586 1392 uti
603 1354 643 1393 ἃ
669 1351 871 1394 Hiberniae
889 1382 900 1402 ‚
925 1367 1007 1393 non
1025 1347 1150 1394 solnm
1169 1365 1240 1406 per
1254 1352 1389 1406 priora
1419 1355 1542 1395 secula
1558 1383 1570 1404 ,
1597 1359 1649 1396 uti
1680 1358 1793 1397 multi
1822 1358 1897 1398 viri
1928 1359 2033 1399 dotsti
2052 1387 2062 1407 ,

39 1412 245 1468 plusquam
257 1409 391 1465 aperte
407 1412 608 1465 productis
623 1411 833 1454 manifestis
848 1412 1075 1454 testimoniis
1089 1441 1102 1462 ,
1128 1413 1169 1454 δι
1183 1414 1340 1466 optimis
1353 1416 1623 1456 monumentis
1637 1444 1649 1464 ‚
1673 1416 1947 1458 demonstrant
1961 1447 1972 1467 ,
2000 1432 2063 1463 ves

35 1474 179 1514 rum&
195 1475 266 1513 hac
280 1468 355 1525 ipsa
370 1472 484 1512 Scorx
509 1481 616 1511 aetate
629 1472 832 1522 audivisse,
857 1473 961 1513 ultro
989 1473 1113 1526 liquet
1138 1484 1185 1512 ex
1214 1471 1521 1515 provinciarum
1544 1476 1781 1529 partitione,
1813 1476 1833 1518 a
1857 1479 1894 1518 S.
1927 1478 2062 1518 Bona-

34 1541 202 1575 ventura
215 1530 435 1586 praescripta
451 1560 463 1579 ‚
495 1544 616 1584 quam
644 1530 734 1572 alibi
765 1546 811 1573 ex
827 1534 887 1585 (c)
904 1531 1056 1573 vetustis
1074 1561 1086 1581 ‚
1112 1533 1152 1572 &
1164 1532 1224 1573 M.
1242 1532 1306 1573 SS.
1319 1532 1485 1573 Ordinis
1515 1537 1785 1577 monumentis
1798 1565 1809 1585 ‚
1834 1537 1872 1577 in
1888 1538 2057 1592 gratiam

32 1590 296 1645 antiquitatis,
325 1590 599 1644 &primarum
630 1592 934 1633 Provinciarum
954 1592 1133 1633 notitiam
1161 1591 1477 1646 produximusin
1493 1593 1621 1636 lucem
1646 1624 1657 1635 .
1686 1597 1847 1638 Etenim
1871 1596 2058 1651 vigesima

32 1650 135 1692 sexta
158 1651 209 1692 ita
241 1647 464 1691 inscribitur
500 1650 702 1691 Provincia
731 1648 1023 1708 Hiberniaest've
1042 1648 1189 1700 Scotiae3
1219 1664 1310 1692 cum
1338 1661 1472 1692 tamen
1499 1653 1742 1697 Monasteria
1777 1657 1919 1711 regni,
1948 1659 2060 1710 quod

31 1725 138 1752 nunc
155 1709 283 1751 Scotiae
297 1709 458 1750 nomine
471 1709 672 1764 insignitur
686 1711 904 1752 coaluerint
918 1710 972 1751 ob
986 1710 1091 1752 suam
1104 1712 1338 1765 paucitatem
1350 1710 1419 1752 sub
1434 1713 1646 1756 Provincia
1660 1714 1813 1769 Angliae
1827 1745 1840 1765 ,
1864 1718 1903 1757 &
1916 1717 2060 1758 Custo-

32 1770 96 1811 dia
125 1768 372 1818 Novicastri3
401 1767 428 1809 fi
452 1778 585 1810 tamen
613 1767 681 1811 sub
704 1771 767 1811 illa
794 1770 1084 1812 Bonaventurae
1115 1769 1354 1824 partitione,
1384 1772 1557 1824 aliquem
1586 1772 1799 1816 habuerint
1828 1786 1922 1817 tunc
1950 1778 2059 1818 Scoti

35 1831 292 1871 Conventum
315 1858 326 1869 .
352 1830 461 1870 Nam
487 1827 515 1869 fi
543 1842 683 1870 verum
706 1831 782 1879 est,
807 1830 916 1883 quod
943 1828 1118 1871 scribunt
1130 1832 1308 1871 Thomas
1331 1831 1559 1875 Demsterus
1574 1862 1586 1883 ‚
1609 1834 1673 1885 (d)
1689 1836 1727 1874 &
1742 1847 1790 1875 ex
1805 1847 1854 1875 eo
1872 1836 2058 1878 Matthae-

33 1903 77 1932 us
98 1889 281 1930 ferchius
306 1887 444 1942 Veglia
461 1917 472 1937 ‚
495 1891 554 1940 (e)
580 1887 866 1947 Monasterium
896 1886 1090 1946 Dunftistj
1106 1918 1117 1940 ‚
1146 1889 1311 1931 omnium
1340 1887 1566 1932 Scoticorum
1594 1897 1612 1943 (
1638 1893 1768 1946 inquit
1790 1896 2058 1946 Demsterus>

26 1948 208 2009 primum,
218 1945 364 2006 nonnis?
373 1949 486 1989 Anno
507 1956 624 1991 1262.
640 1948 689 1990 ab
709 1949 835 1990 silano
850 1948 1084 2004 Devorgillae
1098 1945 1380 2005 conditum‚st1b
1394 1949 1466 1989 illa
1478 1949 1782 2008 divisionefhfft'a,
1801 1954 1913 1996 Anno
1935 1963 2055 1998 1260.

33 2009 183 2052 nullum
194 2016 278 2050 erat
288 2007 549 2067 monasterium
563 2008 774 2051 Minorum
784 2008 827 2049 ln
845 2007 967 2050 Scotia
993 2022 1001 2048 :
1030 2017 1144 2064 atque
1161 2008 1217 2049 ita
1232 2009 1343 2049 nulla
1345 2007 1458 2065 faffla
1474 2009 1523 2065 cst
1536 2011 1643 2052 ineer
1663 2012 1885 2054 Provincias
1898 2044 1909 2064 ,
1937 2029 2055 2071 neque

31 2069 135 2113 inter
154 2065 337 2126 Custodias
353 2066 480 2109 Scotiae
499 2068 707 2109 Albianum
725 2065 988 2125 memoria3fid
1000 2068 1204 2112 Hibernia·
1223 2067 1428 2109 Provincia
1430 2065 1509 2125 sub
1526 2078 1687 2126 utroque
1705 2073 1875 2123 nomine,
1893 2073 1949 2122 ὠν
1961 2076 2056 2116 Sco-

29 2119 90 2171 tiae
103 2157 115 2177 ,
129 2127 181 2170 69²
200 2126 399 2169 Hiberniae
413 2126 591 2185 reccnstta
605 2127 655 2184 cst
668 2160 677 2168 .
694 2129 825 2181 Atque
840 2129 898 2169 vel
914 2132 989 2169 hoc
1003 2114 1092 2170 sane
1108 2128 1333 2169 testimonio
1347 2129 1443 2169 mihi
1459 2130 1622 2183 amplius
1636 2130 1831 2184 probatur
1847 2135 1958 2187 quod
1969 2137 2057 2176 Ge-

31 2188 170 2231 rardus
183 2188 323 2238 Mahu,
334 2187 496 2229 Ordinis
510 2189 546 2229 S.
564 2187 764 2229 Benedisti
781 2186 928 2242 scripfit
942 2188 982 2228 in
1000 2188 1089 2228 Vita
1106 2189 1142 2228 S.
1158 2187 1298 2230 Aidani
1316 2187 1377 2229 die
1395 2202 1458 2240 13.
1474 2189 1650 2243 Augusti,
1665 2191 1704 2232 ὅ(
1717 2191 1755 2231 in
1770 2192 2053 2235 Additionibus

29 2249 82 2289 ad
95 2246 261 2288 eandem
279 2275 291 2297 ‚
314 2262 401 2301 quae
415 2245 612 2288 habentur
626 2249 664 2288 in
682 2245 761 2288 fine
776 2248 923 2288 Thomi
940 2262 978 2299 3.
993 2247 1184 2289 nimirum
1198 2247 1370 2300 optimos
1383 2246 1561 2302 quosque
1574 2252 1758 2291 authores
1773 2251 1893 2305 usque
1918 2254 1967 2295 ad
1983 2268 2054 2295 an-

31 2322 130 2352 num
147 2306 515 2361 octingentesimum
527 2335 538 2355 ‚
566 2307 691 2347 immo
708 2306 957 2348 millesimum
975 2335 986 2355 ‚
1014 2305 1192 2347 absoluto
1211 2307 1376 2347 nomine
1391 2307 1537 2351 Scorxffi
1549 2306 1694 2362 absque
1711 2311 1787 2351 alio
1802 2312 1938 2353 addito
1951 2343 1962 2363 ,
1991 2314 2052 2354 in-

31 2365 209 2409 tellexisse
227 2366 463 2409 Hiberniam
481 2394 492 2416 ,
517 2367 627 2420 quod
641 2367 704 2408 ille
716 2365 890 2422 pluribus
906 2365 1078 2409 dedustis
1095 2363 1323 2409 testimoniis
1339 2393 1351 2417 ,
1380 2378 1428 2408 ex
1447 2367 1600 2409 vetustis
1611 2395 1624 2420 ,
1650 2370 1690 2410 &
1702 2369 1877 2425 probatis
1909 2387 2053 2415 monu-
2108 2373 2116 2381 ‘

28 2426 169 2468 mentis
185 2426 267 2481 plus
280 2424 364 2468 finis
380 2424 523 2481 probat
539 2457 550 2467 .

89 2485 178 2527 Vll.
209 2486 365 2527 Moneo
380 2485 535 2536 obiter,
563 2500 628 2528 me
652 2486 780 2529 dixisse
808 2489 896 2529 alias
911 2493 930 2542 (
932 2489 973 2547 f
973 2488 1251 2542 >introdu6tos
1265 2488 1479 2533 Minoritas
1511 2490 1549 2533 in
1585 2491 1756 2535 scotiam
1788 2494 1910 2536 Anno
1931 2510 2053 2547 1224.

28 2543 239 2587 assertionis
251 2546 355 2586 enim
373 2544 490 2588 habui
504 2549 713 2589 authorem
727 2547 911 2590 Illustriss.
931 2551 980 2591 D.
995 2549 1242 2592 franciscum
1256 2553 1495 2606 Gonzagam
1523 2565 1532 2591 z
1556 2552 1621 2593 sed
1638 2556 1742 2595 hunc
1768 2554 1878 2595 annis
1906 2554 2054 2610 septem

26 2603 174 2659 lapsum
201 2604 278 2660 ipse
302 2605 428 2646 asserit
453 2607 680 2648 Demsterus
709 2609 866 2658 citatus3
889 2610 1007 2663 idque
1034 2623 1082 2650 ex
1105 2608 1183 2651 fide
1210 2612 1371 2653 Codicis
1404 2610 1684 2666 manuscripti,
1711 2627 1832 2667 quem
1878 2613 1947 2655 sub
1977 2629 2052 2656 no-

1 2671 4 2673 ’
30 2664 136 2705 mine
151 2665 542 2707 Scotichronicorum
572 2665 704 2721 passim
719 2668 934 2722 legentibus
949 2669 1106 2721 obiicit,
1137 2668 1202 2712 ubi
1217 2671 1269 2710 ait
1280 2677 1298 2723 (
1302 2673 1367 2727 g)
1386 2671 1568 2712 Minores
1598 2673 1767 2714 Scotiam
1799 2674 2053 2728 penetrasse„-

32 2723 154 2765 Anno
180 2725 322 2766 Milles.
339 2725 739 2781 dicente8.trigefinio
772 2728 906 2782 primo
940 2759 950 2769 .
981 2728 1142 2784 Qodfi
1160 2729 1210 2770 ita
1237 2731 1290 2772 est
1308 2759 1319 2779 ‚
1347 2743 1480 2772 meum
1510 2745 1592 2772 non
1618 2732 1809 2774 constabit
1839 2732 2021 2775 assertum
2038 2763 2050 2784 ,

32 2796 115 2837 quo
127 2783 215 2825 alias
229 2785 294 2836 (h)
309 2784 387 2825 dixi
415 2798 484 2839 per
519 2786 648 2839 plures
672 2801 799 2828 annos
830 2789 934 2841 prius
958 2789 1140 2829 Minores
1167 2790 1363 2839 Scotiam,
1391 2804 1513 2844 quarn
1539 2791 1776 2832 Hiberniam
1803 2793 2017 2846 penetrass'e
2036 2825 2046 2834 .

30 2842 187 2885 Etenim
199 2843 330 2885 saltem
361 2847 438 2886 hoc
450 2858 578 2895 anno,
603 2859 724 2899 quem
754 2845 915 2901 affignat
942 2848 1194 2897 Demsterus,
1223 2851 1282 2889 vel
1301 2850 1377 2889 alio
1405 2852 1597 2892 anteriori
1624 2852 1768 2906 largius
1797 2851 1963 2906 probavi
1991 2848 2116 2904 (1)ss-

31 2903 150 2944 cosin
165 2902 405 2945 Hiberniam
432 2906 646 2958 pervenisse
676 2937 685 2946 .
713 2907 788 2946 Sed
817 2909 858 2947 &
879 2908 1046 2948 aliorum
1080 2909 1190 2948 retuli
1207 2908 1271 2961 (k)
1288 2909 1518 2962 opinionem
1535 2939 1546 2960 ,
1573 2911 1643 2964 qui
1673 2913 1813 2952 volunt
1836 2911 2046 2966 priusilluc

31 2962 263 3004 transmiffos
278 2992 289 3014 ,
315 2963 434 3018 idque
452 2964 546 3005 mihi
559 2966 728 3007 omnino
746 2965 965 3018 persuasum
999 2967 1143 3008 vellent
1170 2967 1302 3008 Patres
1318 2970 1536 3010 Provinciae
1566 2970 1793 3021 Hiberniae,
1819 2973 1886 3024 qui
1911 2973 2046 3014 dicunt

32 3018 100 3063 fibi
113 3023 160 3063 de
176 3023 233 3064 his
245 3021 446 3077 suppetere
457 3023 713 3065 noninfirma
740 3037 1001 3067 monumenta
1018 3056 1030 3076 ,
1057 3040 1143 3080 quae
1158 3029 1431 3069 tameuadhuc
1458 3043 1540 3070 non
1565 3033 1818 3084 protulerunt
1844 3061 1853 3071 .
1883 3033 2042 3073 Horum

32 3077 152 3122 fidem
167 3095 256 3122 meo
271 3082 391 3123 dubio
406 3081 566 3137 infringi
578 3097 654 3138 ego
671 3085 792 3125 nolim
810 3114 820 3134 ,
850 3099 977 3140 neque
1002 3087 1282 3127 authoritatem
1310 3089 1492 3129 enervari
1523 3102 1532 3128 :
1557 3090 1654 3130 nihil
1678 3101 1810 3131 tamen
1836 3092 2042 3144 undequa-

29 3152 108 3192 que
119 3151 269 3181 certum
283 3170 294 3191 ‚
324 3142 530 3195 omnisque
548 3142 653 3195 dubii
671 3157 809 3198 expers
826 3145 988 3187 invenio
1000 3146 1104 3187 circa
1116 3145 1315 3200 originem
1330 3148 1540 3189 Minoi-um
1558 3149 1595 3189 in
1612 3153 1687 3191 hoc
1700 3179 1710 3199 ,
1745 3151 1804 3191 vel
1819 3151 1886 3190 illo
1905 3163 2042 3204 regno.

31 3199 328 3242 lstuddunraxat
341 3202 435 3242 mihi
449 3212 600 3243 certum
615 3203 692 3252 est,
721 3205 847 3256 plures
872 3206 911 3245 &
943 3204 1118 3246 breviori
1133 3207 1305 3259 tempori
1336 3206 1403 3248 fibi
1436 3207 1594 3249 statuiss'e
1611 3208 1715 3249 sedes
1748 3211 1786 3249 in
1819 3209 2042 3259 Hibernia,

32 3259 174 3314 quippe
205 3273 290 3312 quae
320 3271 408 3301 ante
433 3262 657 3315 Capitulum
682 3262 945 3305 Narbonense
966 3264 1032 3306 sub
1045 3267 1082 3307 S.
1105 3266 1385 3308 Bonaventura
1408 3268 1627 3309 coaluerint
1651 3270 1690 3309 in
1717 3269 1913 3322 integram
1943 3270 2045 3309 Pro-

31 3318 654 3374 vinciaminCustodiasquinque
685 3322 867 3372 divisam3
893 3337 1011 3377 quam
1029 3326 1068 3365 in
1101 3326 1254 3374 Scotia,
1278 3340 1363 3378 quae
1377 3327 1492 3367 etiam
1524 3341 1631 3367 anno
1653 3342 1771 3380 1359.
1786 3329 1838 3368 uti
1870 3329 1918 3368 ad
1951 3329 2045 3369 illud

32 3386 182 3432 tempus
196 3379 276 3419 dixi
290 3379 329 3419 in
346 3379 589 3428 Annalibus,
621 3395 739 3433 pauca
771 3383 969 3424 domicilia
1002 3383 1261 3425 habueritsub
1279 3387 1440 3426 nomine
1454 3386 1639 3427 duntaxat
1661 3387 1856 3436 Vicariae,
1888 3390 1927 3429 δι’
1959 3390 2044 3429 An-

30 3449 84 3478 no
102 3452 219 3492 ¹399·
232 3438 340 3491 quod
353 3437 496 3493 scripsit
513 3439 822 3481 Bartholomaeus
838 3441 993 3483 Pisanus
1004 3444 1071 3496 (a)
1085 3443 1227 3485 librum
1242 3444 1585 3485 Consormitatum
1602 3474 1614 3495 ,
1642 3445 1786 3487 recens
1803 3447 1945 3488 bantur
1959 3462 2045 3487 mo-

35 3497 194 3537 nasteria
207 3499 340 3538 Scotiae
356 3497 423 3538 sub
455 3499 634 3552 praedifia
666 3501 849 3541 Custodia
882 3503 1104 3544 Novicastri
1123 3532 1133 3552 ,
1158 3504 1337 3544 videlicet
1354 3506 1587 3545 Conventus
1620 3505 1806 3557 Dunsrisij
1825 3535 1835 3555 ,
1865 3507 2043 3554 Bervici‚

31 3555 289 3609 Adingtonae,
320 3559 496 3605 Dundae‚
527 3560 566 3598 ἃ
596 3560 656 3611 alij
689 3573 697 3597 :
730 3560 840 3611 quod
854 3561 946 3600 dum
961 3560 1190 3603 observaret
1204 3564 1386 3603 Ferchius
1400 3565 1559 3613 citatus,
1589 3563 1807 3615 subjunxit:
1838 3563 1977 3620 Quare
1993 3567 2042 3606 ab

34 3613 171 3669 Anglls
184 3616 317 3671 religio
329 3617 512 3671 migravit
527 3618 579 3657 ad
592 3617 707 3658 Scofos
724 3647 735 3667 ,
757 3616 812 3665 ὠν
833 3618 1168 3677 francisbanoram
1177 3620 1399 3678 monasteria
1415 3620 1603 3664 Scotorum
1621 3625 1844 3678 Anglicana’
1884 3625 2058 3666 provin--

35 3673 99 3714 ciae
114 3684 321 3729 aggregata
325 3674 421 3733 fiam
434 3705 445 3725 ‚
471 3686 506 3717 et
520 3678 630 3717 :mim
642 3709 651 3716 .

91 3733 198 3774 Vlll.
233 3736 288 3775 Ut
302 3749 398 3777 vero
430 3737 477 3776 ad
511 3736 753 3790 propositum
789 3738 1088 3791 regrediamur,
1121 3740 1271 3781 nullum
1289 3737 1480 3790 firmum,
1511 3752 1578 3782 aut
1596 3742 1802 3785 indelebile
1837 3744 1951 3784 video
1983 3743 2042 3784 su-

35 3787 132 3832 lzcffe
159 3794 278 3835 Scotis
307 3805 618 3850 argumentum,
650 3805 691 3837 ut
709 3794 881 3848 josum
914 3799 1064 3841 Sco-rui
1089 3799 1218 3841 civem
1250 3799 1413 3842 ass'erant
1443 3800 1551 3843 suum
1580 3832 1589 3841 .
1618 3803 1744 3858 Qod
1770 3802 1876 3844 enim
1907 3805 2042 3857 praeci-

1050 3871 1071 3899 a
1105 3874 1126 3899 γ.
1895 3877 2015 3917 puum

2100 1343 2179 1374 Vnde
2222 1345 2312 1377 dlr‘t'm

2102 1389 2185 1416 Dum
2199 1408 2206 1415 .
2231 1391 2311 1419 Vnde

2098 1431 2219 1461 Scottis.

2099 1546 2247 1575 Hiber-nia
2264 1548 2312 1576 Ai-

2098 1590 2137 1617 Fen
2156 1591 2254 1619 scotia
2269 1612 2277 1619 .

2095 1632 2147 1672 (c)
2160 1632 2194 1662 La
2207 1633 2309 1664 annal.

2096 1675 2133 1704 'ad
2148 1677 2308 1709 An.126o,

2095 1729 2125 1749 u.
2144 1729 2191 1755 14.

2091 2044 2147 2085 (d)
2201 2047 2304 2078 Dem-

2091 2091 2158 2119 ster.
2186 2089 2215 2121 in
2251 2103 2310 2132 ap-

2091 2133 2224 2171 pmiist.
2234 2137 2307 2165 Sco-

2090 2176 2114 2206 ti
2130 2177 2254 2209 lib.1.ut
2267 2179 2304 2209 de

2092 2220 2257 2263 Reliilimie
2274 2245 2281 2252 .

2090 2266 2143 2305 (e)
2159 2266 2260 2306 Veglia
2275 2266 2305 2296 in

2090 2307 2154 2339 vita
2220 2310 2304 2343 &xc-ti

2089 2363 2104 2382 C
2132 2365 2160 2383 ²-

2089 2395 2196 2428 Mai-iu.

2084 2585 2302 2626 (OInAnnal.

2085 2630 2146 2661 An.
2212 2639 2302 2666 ηις.

2085 2677 2182 2704 n.66.

2161 2717 2296 2747 Minores

2081 2761 2194 2801 quaudo
2228 2761 2300 2790 Sco-

2080 2806 2156 2833 tiam
2188 2803 2301 2844 ingust-

2077 2891 2132 2931 (g)
2194 2890 2298 2922 scoti-

2078 2943 2186 2965 erton.
2224 2936 2243 2966 l.
2267 2947 2298 2972 9.

2078 2989 2102 3008 c.
2125 2988 2176 3015 47.

2078 3023 2297 3062 (lOAnAfflo.

2078 3076 2107 3096 ti.
2131 3070 2177 3095 16.

2077 3109 2122 3149 [i]
2134 3109 2181 3139 Aa
2206 3119 2296 3148 ¹²30·

2078 3163 2169 3188 n.19.

2121 3197 2185 3236 (K)
2233 3197 2294 3226 An.

2084 3249 2175 3273 1214.
2199 3250 2228 3268 n.
2245 3249 2292 3269 ιι.

2120 3426 2172 3464 (x
2196 3423 2292 3456 Pisan-

2076 3469 2229 3498 conr'orm.
2245 3478 2291 3497 11.

2100 3652 2291 3686 Elaea-intur

2077 3698 2268 3728 §con-rum„

2078 3739 2290 3772 fundaturus.
