2617 4142
1467 133 1674 188 (XVI.)

557 260 648 302 dem
662 244 871 300 observato
896 256 935 297 in
962 252 1125 309 reliquis
1149 250 1416 295 voluminibus
1442 281 1451 292 .
1478 253 1631 294 Deinde
1654 250 1782 307 saepius
1797 251 1937 294 citatur
1952 250 2026 308 ipse
2053 252 2395 305 S.Bernardinus,'
2424 254 2466 296 δε
2488 263 2584 298 tanr

557 333 676 366 quam
693 331 808 371 agens
820 345 831 365 ,
858 317 921 355 vel
937 317 1106 369 loquens
1140 312 1163 354 a
1190 314 1418 355 Colleetore
1433 312 1719 361 introducitur3
1742 314 1795 353 uti
1827 313 1959 354 videre
1975 314 2080 355 estin
2112 313 2288 368 plurimis
2311 313 2573 358 Sermonibus

554 376 763 431 praesertim
781 376 817 415 in
834 389 881 415 eo
898 375 978 430 ipso
991 404 1002 424 ‚
1031 387 1079 414 ex
1093 386 1177 429 quo
1201 371 1450 427 desumptum
1463 371 1516 414 est
1542 369 1842 427 suprascriptum
1856 373 2121 414 testimonium
2136 401 2149 423 ‚
2177 375 2217 414 ἀ
2232 375 2273 414 in
2287 374 2483 415 Sermone
2497 386 2574 416 un.

553 436 712 475 decimo
725 462 736 483 ,
761 444 871 487 parte
885 435 997 475 tertia
1011 463 1021 472 .

612 494 758 536 XLIV.
792 495 917 535 Nullo
933 495 1061 546 itaque
1076 491 1214 540 modo,
1227 492 1304 532 sive
1317 489 1365 530 ad
1377 488 1654 544 opprobrium,
1667 488 1745 530 five
1759 489 1807 529 ad
1820 491 1974 530 laudem
1987 491 2187 540 scribatur,
2200 490 2488 532 admittendam
2500 504 2573 545 pu.

310 568 522 604 Nullusanti-
553 561 595 592 to
611 553 824 592 violentam
841 556 941 594 hanc
956 562 1128 593 mortem
1145 579 1156 599 ,
1168 561 1233 591 aut
1244 550 1462 592 festinatum
1475 547 1589 589 funus
1607 577 1618 597 ,
1630 548 1740 602 quod
1754 561 1908 589 merum
1925 547 2162 603 figmentum
2177 578 2187 598 ‚
2213 552 2426 592 &inanem
2440 548 2563 592 fabel-

312 621 385 655 quus
413 613 522 662 catti-or
554 611 631 652 lam
648 610 719 652 esse
734 640 745 660 ‚
759 613 859 652 ultra
872 614 1039 653 rationes
1056 609 1167 663 supra
1179 611 1307 651 allatas
1321 637 1331 657 ,
1344 617 1483 648 contra
1497 605 1672 648 sensuum
1689 606 1872 660 soporem
1887 635 1899 655 ,
1911 609 2149 661 comprobat
2162 608 2355 650 silentium
2369 609 2565 661 omnium,

308 657 426 728 15:2¹2*
436 666 523 729 αἲξ]
553 671 621 723 qui
629 670 730 722 Jovii
745 699 755 718 ,
769 680 834 710 aut
849 672 959 726 hujus
974 671 1142 712 Danielis
1157 679 1308 710 aetatem
1324 666 1594 720 praecesserunt
1612 680 1619 704 z
1650 679 1791 707 eorum
1809 664 2021 719 praesrtim
2034 696 2046 716 ,
2074 668 2143 720 qui
2159 682 2242 710 non
2259 666 2540 708 dislimulanter
2556 697 2569 718 ‚

309 738 518 781 buffscrfbft.
553 727 618 772 sed
632 731 759 783 palam
775 757 786 778 ,
798 730 839 770 δι
850 731 990 772 aeriter
1004 730 1043 772 in
1057 730 1218 770 Scotum
1235 725 1490 780 scripserunt,
1503 726 1542 766 &
1559 725 1782 766 doctrinam
1797 727 1906 766 omni
1922 726 2046 768 studio
2061 726 2293 767 labefactare
2321 727 2451 767 conati
2469 726 2568 768 sunt.

311 783 446 823 Pratioja
455 794 520 826 quae
553 791 614 830 Ex
628 792 775 831 horum
790 801 962 832 numero
978 817 989 839 ‚
1000 797 1141 843 praeter
1155 785 1389 827 domesticos
1403 785 1653 825 Oechamum
1666 812 1677 832 ,
1692 785 1732 824 δε
1746 785 1965 826 Aureolum
1980 813 1990 833 ,
2003 783 2164 826 fuerunt
2175 785 2391 826 adsertores
2405 787 2570 826 D.‘rh0.

305 836 421 911 ἶέἔὲπ
446 838 523 860 ΜΠ
554 862 630 889 mae
646 849 854 889 :Hervaeus
869 877 880 898 ‚
907 849 975 902 qui
988 848 1143 889 decimo
1156 845 1318 897 septimo
1332 856 1436 884 anno
1449 842 1534 897 post
1551 843 1655 883 Scoti
1672 842 1826 884 obitum
1838 843 1992 885 deceflit
2006 872 2017 893 ‚
2050 845 2090 885 ἃ·
2106 859 2195 886 cum
2210 844 2292 899 ipso
2311 846 2429 886 Scoto
2447 845 2569 886 Colo-

555 906 629 949 niae
643 907 691 947 de
703 906 860 949 summis
875 906 1103 961 Theologiae
1131 903 1301 957 apicibus
1319 902 1523 956 disputavit
1538 933 1549 952 ,
1577 903 1628 942 uti
1646 915 1740 943 mox
1756 902 1779 944 a
1794 916 1857 943 me
1869 901 2149 944 subiiciendum
2168 904 2322 945 Ioannis
2351 903 2463 945 Echii
2492 903 2568 948 viri

553 964 704 1022 piiffuni
719 966 985 1008 testimonium
1001 962 1181 1006 docebit.
1198 964 1296 1007 Item
1313 963 1376 1003 Pal
1384 961 1530 1004 udauus
1544 991 1555 1012 ,
1571 962 1639 1016 qui
1657 961 1801 1001 eodem
1815 971 1997 1016 tempore
2014 960 2038 1002 f
2037 963 2179 1012 loruit3
2200 964 2371 1015 Joaunea
2388 964 2569 1017 Capreo-

553 1026 611 1067 lus
624 1025 825 1078 antiquior
839 1027 917 1066 hoc
931 1024 1093 1065 Daniele
1108 1036 1116 1062 :
1131 1023 1169 1064 in
1189 1022 1244 1065 his
1257 1022 1360 1064 nulla
1374 1021 1427 1064 est
1443 1022 1637 1065 memoria
1651 1050 1661 1070 ,
1676 1020 1753 1062 sive
1770 1020 1818 1062 dc
1832 1022 2045 1076 apoplexia,
2059 1019 2135 1063 five
2148 1022 2196 1063 de
2208 1021 2322 1064 extasi
2335 1051 2348 1072 ‚
2362 1021 2440 1064 {ive
2453 1024 2564 1076 quod

553 1087 628 1128 hac
641 1113 653 1133 ,
668 1094 732 1124 aut
745 1084 808 1124 illa
821 1082 977 1125 affeaus
996 1084 1133 1125 Scotus
1149 1112 1160 1133 ‚
1177 1083 1286 1124 vivus
1300 1082 1419 1122 elatus
1436 1079 1481 1122 fit
1497 1081 1536 1123 in
1551 1079 1769 1135 sepulcrum
1787 1110 1796 1120 .

616 1143 743 1184 XLV.
776 1141 947 1183 Aliunde
974 1144 1092 1185 etiam
1120 1145 1197 1184 hoc
1211 1142 1316 1183 idem
1343 1139 1605 1182 confirmatur
1632 1153 1680 1181 ex
1706 1138 1835 1182 verbis
1849 1168 1861 1189 ‚
1883 1140 1923 1181 δε
1952 1139 2255 1183 attestationibus
2279 1153 2421 1183 eorum
2450 1170 2462 1191 ,
2503 1143 2572 1196 qui

555 1199 716 1257 prupius
740 1201 790 1241 ad
815 1201 919 1243 Scoti
962 1200 1131 1243 seculum
1161 1201 1210 1242 de
1251 1201 1330 1253 ejus
1360 1210 1490 1241 morte
1516 1198 1748 1254 scripserunt
1760 1227 1772 1249 ‚
1802 1213 1977 1254 quorum
2019 1198 2141 1241 verba
2185 1199 2269 1242 stati
2299 1199 2532 1243 subiiciam.)
2558 1230 2570 1252 ‚

555 1262 659 1302 inter
682 1274 769 1314 quae
798 1259 950 1302 nullum
979 1260 1033 1303 est
1046 1290 1058 1311 ‚
1090 1260 1200 1315 quod
1229 1260 1448 1313 hujusmodi
1486 1260 1704 1301 violentum
1731 1259 1878 1300 indicet
1905 1257 2097 1300 decessum
2119 1287 2129 1299 .
2156 1261 2303 1313 Neque
2327 1269 2459 1300 tamen
2487 1263 2567 1304 haec

554 1329 667 1360 tanto
682 1320 806 1361 studio
821 1319 1042 1374 prosequor
1058 1349 1070 1370 ,
1100 1329 1166 1361 aut
1181 1319 1319 1362 refello
1331 1349 1342 1370 ,
1370 1319 1482 1373 quod
1495 1319 1599 1361 Scoti
1617 1321 1761 1359 honori
1773 1317 1903 1373 potius
1914 1317 2136 1360 consultum
2154 1319 2271 1360 velim
2285 1346 2297 1368 ,
2327 1318 2450 1371 quam
2465 1320 2570 1361 veri-

554 1380 622 1421 tati
651 1413 661 1420 .
685 1377 844 1420 Etenim
861 1379 949 1420 licet
961 1380 1063 1434 apud
1076 1381 1276 1429 homines,
1301 1380 1368 1433 qui
1380 1389 1542 1420 externa
1556 1377 1785 1433 respiciunt,
1809 1379 1850 1419 δε
1865 1377 2092 1433 repentinos
2121 1387 2238 1432 atque
2269 1378 2492 1433 inopinatos
2506 1392 2571 1420 ca-

554 1439 612 1482 sua
627 1437 808 1481 infaustos
820 1448 983 1493 putant,
1004 1439 1217 1481 accelerata
1229 1440 1344 1480 nimis
1359 1467 1371 1489 ,
1393 1439 1456 1480 vel
1487 1439 1659 1481 violenta
1671 1451 1779 1480 mors
1791 1436 1979 1479 sinistram
1994 1446 2158 1491 generet
2171 1436 2404 1490 opinionem
2422 1465 2434 1487 ,
2461 1437 2580 1492 apud-

554 1501 688 1541 Deum
703 1497 798 1538 tanti
810 1497 863 1538 est
876 1526 888 1547 ‚
912 1495 938 1538 si
953 1500 1030 1539 hoc
1044 1527 1055 1548 ‚
1080 1499 1142 1540 vel
1154 1500 1222 1540 illo
1237 1499 1360 1540 modo
1374 1497 1536 1540 decedat
1546 1497 1734 1551 quispiam
1750 1526 1760 1545 ,
1783 1496 2007 1539 dummodo
2021 1495 2122 1536 bene
2134 1496 2296 1546 vixerit,
2317 1497 2410 1538 &in
2426 1496 2565 1550 justitia

555 1556 865 1615 perseveraverit
892 1585 902 1597 .
928 1557 1270 1611 Qaecunqueillae
1283 1556 1424 1607 fiserit,
1447 1557 1620 1611 pretiosae
1634 1556 1720 1598 sunt
1730 1555 1883 1610 semper
1900 1554 2250 1608 mortesJustorum
2267 1585 2278 1596 .
2307 1553 2482 1599 Temese
2498 1558 2568 1596 ita-

307 1623 362 1664 (ἃ)
396 1622 524 1666 August.
556 1631 635 1672 que
650 1616 1044 1672 judicaverit,quiex
1055 1616 1192 1668 celeri,
1210 1617 1271 1658 vel
1288 1617 1459 1658 violenta
1489 1626 1618 1658 morte
1636 1615 1780 1655 malam
1797 1614 1927 1656 obiiffe
1954 1613 2207 1668 quempiam,
2231 1623 2297 1655 aut
2309 1614 2409 1656 male
2440 1614 2568 1657 vixisse

310 1664 429 1745 {fis}
437 1716 450 1741 t
472 1679 523 1710 33·
555 1676 761 1718 deduxerit
776 1673 987 1735 :Qomodo
1001 1705 1012 1726 ‚
1023 1675 1151 1728 inquit
1163 1675 1397 1730 Augustinus
1411 1675 1475 1731 (a)
1491 1690 1534 1717 re
1545 1675 1664 1733 piciet
1681 1673 1866 1715 Dominus
1883 1675 1984 1715 mala
1995 1673 2194 1729 cogitantes
2207 1701 2219 1723 ,
2232 1671 2288 1722 ὠν
2300 1674 2459 1717 dicentes
2474 1688 2483 1715 :
2502 1673 2573 1716 Ille

329 1720 476 1788 ἔοῖςὲοξ,
555 1736 653 1779 male
667 1744 834 1777 mortuus
846 1732 895 1776 ell
911 1736 927 1774 ?
951 1748 1035 1775 cum
1043 1733 1159 1791 iustus
1173 1730 1257 1794 effit
1268 1749 1293 1775 a
1305 1734 1429 1792 bestiis
1438 1748 1504 1777 con
1521 1744 1689 1792 amptus:
1705 1747 1777 1774 non
1792 1742 1875 1774 erat
1886 1733 1952 1774 ille
1961 1731 2075 1788 iustus
2093 1761 2104 1782 ‚
2115 1731 2195 1775 ideo*
2204 1732 2302 1778 male
2306 1733 2432 1792 periit
2445 1761 2457 1784 ,
2480 1747 2568 1775 nam

555 1810 627 1839 non
629 1795 782 1855 periret
796 1822 809 1844 ,
816 1791 861 1851 st
864 1790 979 1849 iustus
993 1789 1076 1852 fft
1087 1824 1098 1834 .
1115 1793 1240 1836 Reae
1257 1795 1437 1837 Holchot
1447 1795 1484 1835 in
1498 1794 1697 1847 Sapientiae
1711 1806 1793 1848 cap.
1808 1807 1847 1846 4.
1865 1793 1959 1835 illud
1968 1792 2108 1835 cecinit
2123 1822 2134 1833 .

791 1853 913 1894 Mors
917 1851 1030 1909 justis
1029 1850 1167 1907 sicbita
1178 1882 1189 1902 ,
1218 1867 1328 1908 quem
1332 1852 1501 1912 precellit
1513 1853 1609 1895 bona
1622 1852 1705 1895 vita
1719 1880 1732 1903 ‚

795 1909 895 1954 Non
911 1912 1051 1952 minuit
1063 1912 1204 1953 merita
1216 1941 1228 1961 ,
1240 1910 1286 1968 si
1296 1914 1485 1955 moriatur
1501 1912 1558 1955 ita
1569 1944 1579 1954 .
2571 1938 2573 1942 v

554 1974 653 2029 QS
672 1970 769 2013 filios
786 2000 797 2021 ,
824 1972 864 2012 δι
879 1968 974 2011 filias
993 1968 1066 2012 lob
1086 1966 1196 2012 ruina
1210 1972 1351 2015 domus
1378 1972 1503 2015 subito
1516 1971 1713 2027 oppressos
1729 1973 1963 2015 damnabit?
1993 1973 2092 2028 Qis
2105 1973 2332 2016 Simeonem
2360 1974 2574 2029 Stylitena

553 2032 721 2076 fulmine
735 2028 952 2085 percussum
968 2058 980 2079 ,
1009 2031 1115 2082 cujus
1130 2032 1304 2074 animam
1329 2031 1378 2073 ab
1394 2033 1553 2087 Angelis
1566 2030 1696 2073 efferri
1714 2033 1807 2074 vidit
1823 2035 1860 2075 S.
1878 2033 2071 2074 lulianus?
2103 2033 2201 2083 Quis
2218 2034 2257 2074 S.
2274 2033 2570 2089 Agathonicum

553 2093 576 2135 'a
591 2090 769 2134 leonibus
786 2088 1019 2143 discerptum
1034 2117 1046 2139 ,
1069 2102 1189 2141 quem
1204 2091 1296 2132 alias
1310 2092 1348 2132 in
1362 2091 1513 2146 frigore
1529 2093 1647 2134 noctu
1658 2091 1873 2134 fovebant?
1900 2092 2001 2149 Qis
2013 2093 2050 2133 S.
2062 2093 2244 2133 Belinum
2259 2093 2282 2134 a
2293 2091 2452 2134 canibus
2466 2093 2569 2134 lace·

552 2161 684 2194 ratum
699 2153 716 2191 ἓ
742 2150 901 2190 Author
915 2148 968 2205 est
982 2148 1184 2202 praedictus
1201 2151 1381 2192 Holchot
1394 2152 1578 2193 Sanctum
1594 2152 1807 2205 quemdam
1824 2152 1926 2193 inter
1942 2152 2062 2192 libros
2076 2181 2088 2201 ,
2113 2153 2152 2193 δε
2167 2151 2286 2193 studia
2297 2180 2310 2202 ,
2337 2153 2376 2193 in
2390 2150 2457 2194 suo
2471 2152 2568 2194 Mu·
2615 2168 2617 2175 ¹

547 2210 613 2255 seo
628 2207 781 2256 obiiffe3
809 2209 849 2249 &
865 2207 960 2248 dum
974 2206 1134 2254 quidam
1151 2208 1243 2250 inde
1268 2208 1486 2251 suspicionis
1512 2212 1750 2252 calumniam
1779 2214 2062 2265 conciperent3
2091 2211 2272 2252 inventus
2286 2211 2340 2253 est
2365 2211 2490 2266 digito
2505 2225 2574 2252 ex-

551 2269 662 2313 tenso
679 2282 770 2309 eum
788 2266 944 2310 versum
959 2265 1167 2322 defignaffe
1193 2281 1203 2307 ε
1227 2268 1291 2321 (h)
1309 2266 1443 2325 Justus
1456 2284 1688 2326 quacumque
1698 2280 1815 2312 morte
1832 2262 2244 2328 praeoccupatusfherit
2256 2298 2268 2320 ‚
2297 2270 2342 2311 in
2360 2270 2564 2328 refietgert'o

553 2328 631 2373 erit
657 2359 667 2370 .
696 2325 907 2379 Numquid
931 2326 1177 2367 damnandus
1218 2327 1416 2369 Martinus
1453 2330 1502 2369 V.
1517 2358 1529 2379 ,
1556 2330 1722 2370 Ioannes
1753 2329 1938 2371 Albertus
1964 2330 2138 2370 Poloniae
2168 2330 2255 2370 Rex
2267 2357 2279 2379 ,
2309 2330 2446 2371 Paulus
2474 2331 2525 2372 11.
2554 2358 2568 2380 ,

553 2389 720 2431 Carolus
750 2387 856 2427 V111.
881 2387 970 2426 Rex
995 2385 1134 2426 Galliae
1146 2413 1158 2434 ,
1183 2386 1325 2439 aliique
1352 2387 1425 2428 viri
1452 2389 1527 2442 pii,
1550 2389 1617 2441 qui
1648 2389 1823 2441 quotidie
1847 2388 1916 2430 sub
1944 2389 2063 2429 oculis
2089 2389 2289 2443 apoplexia
2318 2388 2520 2431 intereunt
2549 2391 2567 2431 ἓ

551 2451 688 2503 Ergo,
712 2442 897 2502 manifbsti
911 2474 922 2494 ,
943 2443 1006 2485 vel
1027 2444 1164 2485 occulti
1177 2445 1349 2486 criminis
1367 2456 1481 2503 pgnas
1502 2448 1647 2489 luunt?
1671 2451 1787 2490 Gero
1800 2448 2121 2502 Archiepiscopus
2135 2447 2383 2490 Coloniensis
2405 2444 2568 2490 Sanctis·

552 2507 668 2551 fimus
685 2536 696 2557 ‚
723 2506 747 2546 a
779 2504 985 2544 Walramo
1022 2504 1252 2546 cathedram
1282 2505 1362 2557 ejus
1388 2505 1585 2547 ambiente
1613 2507 1728 2548 extasi
1757 2517 1962 2560 correptus
1977 2536 1989 2556 ,
2018 2508 2127 2548 vivus
2168 2508 2377 2548 tumulatus
2407 2508 2487 2557 est3
2515 2521 2566 2549 an

553 2563 745 2610 manifesti
758 2563 932 2606 criminis
945 2565 1095 2616 poena?
1118 2565 1232 2620 Qot
1245 2592 1256 2613 ,
1279 2565 1357 2606 vivi
1370 2565 1410 2605 in
1424 2565 1503 2607 dies
1516 2579 1617 2619 aqua
1631 2595 1642 2616 ‚
1668 2577 1775 2608 terra
1792 2596 1802 2615 ,
1827 2566 1944 2607 ruinis
1960 2567 2176 2607 domorum
2193 2594 2204 2614 ,
2229 2567 2268 2606 ὃ(
2282 2568 2473 2620 parietum
2508 2565 2565 2606 se-

550 2627 773 2682 peliuntur,
794 2622 859 2664 stu
881 2622 1194 2676 opprimuntur?
1220 2624 1420 2664 Praeterita
1446 2625 1545 2674 vita,
1577 2639 1656 2666 non
1684 2627 1856 2667 violenta
1887 2639 2020 2674 mors,
2053 2625 2092 2665 in
2116 2638 2278 2679 poenam
2307 2625 2521 2678 imputatur
2547 2653 2560 2676 ‚

550 2694 618 2726 aut
630 2684 837 2740 praemium
863 2712 873 2722 .
894 2681 1010 2723 Mors
1022 2682 1203 2724 omnium
1229 2693 1335 2724 certa
1348 2682 1419 2724 fuit
1435 2712 1445 2732 ,
1474 2684 1623 2725 causam
1639 2684 1707 2725 fibi
1737 2687 1841 2726 Deus
1856 2683 2067 2727 reservavit
2088 2713 2098 2724 .
2125 2684 2250 2737 Qod
2275 2683 2302 2724 si
2326 2685 2444 2739 igitur
2476 2685 2571 2726 Do.·‘

552 2748 708 2788 &orem
718 2741 898 2786 subtilem
911 2740 1113 2795 apoplexia
1127 2770 1138 2790 ‚
1170 2752 1236 2783 aut
1249 2743 1319 2784 alia
1348 2743 1532 2796 quapiam
1559 2742 1754 2785 subitanea
1770 2754 1901 2786 morte
1928 2744 2118 2785 sublatum
2147 2742 2251 2785 fuisse
2269 2744 2419 2785 dicatur
2433 2772 2445 2793 ‚
2470 2743 2567 2798 quid

552 2804 744 2860 fingulare
756 2810 895 2844 contra
927 2813 1017 2840 eum
1047 2798 1300 2842 inferendum
1328 2812 1414 2843 erat
1426 2815 1473 2842 ex
1489 2801 1675 2853 successu,
1701 2814 1762 2844 tot
1772 2805 1863 2845 viris
1874 2803 2006 2844 finctis
2023 2832 2034 2851 ,
2057 2805 2096 2843 &
2122 2802 2192 2857 piis
2221 2803 2460 2845 communi?
2483 2803 2565 2847 Re-

551 2862 670 2920 pente
683 2891 695 2913 ‚
719 2865 759 2904 &
774 2860 969 2904 violenter
983 2858 1186 2913 perierunt
1197 2861 1379 2914 plurimi,
1404 2862 1566 2904 nomine
1580 2892 1592 2913 ,
1617 2864 1658 2904 ὃς
1671 2860 1865 2904 sanctitate
1877 2861 2068 2903 clarissimi
2094 2874 2103 2901 :
2128 2874 2200 2916 per
2216 2875 2278 2903 me
2303 2863 2353 2903 ita
2366 2876 2458 2903 cum
2485 2862 2560 2906 inis

553 2923 714 2980 perierit
735 2919 951 3019 SCOfTUS
966 2946 978 2967 ,
1010 2917 1107 2961 dum
1125 2917 1175 2961 fic
1202 2919 1351 2975 periisse
1375 2925 1596 2976 probetur3
1628 2924 1667 2964 δε
1683 2936 1765 2964 non
1780 2935 1828 2964 ex
1843 2921 1966 2964 livore
1990 2919 2119 2976 potius
2135 2950 2148 2971 ,
2170 2921 2295 2974 quam
2311 2921 2361 2963 ad
2390 2921 2559 2967 historiae

554 2982 762 3024 veritatem
776 2992 818 3021 re
838 2987 970 3019 eratur
982 3006 993 3017 .

846 3106 1149 3178 ‘Authoris
1154 3109 1458 3196 judicium
1475 3159 1493 3186 ‚
1531 3111 1610 3184 δέ)
1630 3112 1890 3180 aliorum
1907 3111 1978 3180 de
2010 3110 2273 3181 SCOTI

1272 3219 1463 3271 morte
1479 3206 1820 3295 testimonia
1833 3255 1849 3272 .

306 2368 364 2455 ξδ)
373 2370 441 2413 Sap.
451 2377 481 2404 4.
492 2378 523 2400 v.

1279 3369 1674 3412 CAPUT
1791 3371 1843 3414 X.

553 3514 698 3562 XLVI.
834 3514 904 3555 Go
918 3514 1016 3555 vero
1030 3522 1074 3554 ut
1087 3512 1188 3554 inter
1213 3520 1276 3555 tot
1301 3511 1475 3563 finistra,
1499 3528 1633 3556 meum
1646 3514 1795 3557 sincere
1806 3516 1854 3556 de
1876 3517 1982 3558 Scoti
2010 3526 2145 3558 morte
2171 3514 2357 3571 judicium
2386 3513 2563 3567 interpo-

857 3587 946 3613 nam
960 3601 971 3622 ‚
1003 3573 1220 3614 naturalem
1237 3585 1351 3614 more
1363 3573 1528 3615 aliarum
1545 3573 1648 3615 fuiffe
1675 3575 1839 3616 dixerim
1854 3603 1865 3624 ‚
1899 3578 2070 3618 celerem
2088 3586 2248 3624 tamen,
2273 3573 2386 3615 brevi
2412 3570 2562 3614 morbo

554 3642 750 3691 praeeunte
776 3662 786 3672 .
810 3635 866 3672 lta
879 3632 986 3673 enim
1010 3632 1184 3675 indicare
1214 3632 1398 3676 videntur
1427 3633 1580 3687 aliquot
1607 3635 1807 3686 carmina,
1830 3648 1879 3677 ex
1911 3636 2027 3680 variis
2059 3634 2214 3679 vetustis
2244 3632 2482 3690 Epitaphiis,
2511 3628 2560 3672 ad

554 3693 751 3738 tumulum
765 3689 936 3748 appensis
951 3719 963 3733 .

2410 3808 2611 3853 Tem-¹
