2600 4142
72 829 182 862 Dea-r
190 828 270 862 §.dd

72 870 194 903 primum
206 886 216 900 φ
231 870 266 896 Ψ

65 907 218 948 strandum
235 906 268 931 d!

73 955 99 974 z.
111 946 161 973 via
177 947 212 972 V.
226 943 269 973 Ad

71 984 196 1026 pineum
237 990 267 1018 Ι,

73 1032 128 1053 'ld
143 1040 153 1051 ο

130 1157 270 1199 Qodlib.

72 1206 132 1237 ..1.
146 1203 167 1229 ο.
184 1196 268 1235 desn-

72 1237 158 1266 cundo
179 1254 190 1270 ‚
240 1237 267 1264 ik

72 1280 100 1309 §-
114 1276 158 1302 De
184 1274 268 1303 nnio

71 1313 189 1345 arn'culo
199 1332 210 1344 ι

307 199 441 265 45²

304 271 487 317 generatio
500 264 642 316 passiva.
657 268 689 306 ἃ
702 267 841 316 spiratio
853 273 987 316 pariter
1000 266 1214 314 paffiva.Sed
1227 269 1260 304 &

303 319 425 355 afkiva
449 325 635 364 generatio
652 317 1132 368 pariterincommunicabilis
1162 316 1202 354 sit
1218 331 1260 353 o-

304 376 451 416 portum
481 367 632 413 alioquin
657 369 749 406 Filio
771 370 860 405 foret
887 371 1152 403 communicata
1167 379 1259 414 ,qua

307 417 365 453 vel
387 420 506 459 alium,
519 419 574 453 vel
591 419 620 456 se
636 421 743 468 ipsum
756 423 928 467 gigneret,
940 415 1033 463 quod
1047 416 1094 452 est
1108 415 1260 463 impossi-

307 467 373 503 bile
388 481 399 511 ς
430 470 539 513 igitur
555 470 645 506 ultra
674 479 837 507 naturam
848 478 940 514 opus
953 477 1019 500 non
1035 464 1084 500 est
1096 466 1152 500 hic
1163 464 1260 500 aliud

307 514 489 554 adstruere
505 518 909 565 constitutivum,prteter
919 515 1087 551 relativas
1102 518 1260 561 proprie-

305 574 401 604 t²tes
414 581 425 611 ς
440 579 505 604 non
519 570 693 615 quaslibet
705 569 845 617 quidem
857 592 866 602 .
885 564 941 602 sed
954 576 1030 611 qum
1046 564 1200 617 spectant
1215 563 1259 599 ad

301 616 482 664 originem
506 617 657 665 duplicis
678 618 941 655 foecunditatis:
967 624 1013 650 ex
1036 625 1107 660 quo
1131 621 1192 656 nt.
1216 622 1260 649 ut

302 676 506 702 communes
535 669 722 705 relationes
754 668 834 704 istas
864 663 1166 711 presupponentes
1190 675 1259 699 non

302 717 513 753 constituant
540 719 702 765 personas
719 746 730 762 ‚
750 728 814 756 nec
852 713 1067 760 distinguant
1094 712 1231 749 subinde
1247 738 1259 755 .

303 771 536 812 quantumvis
566 779 740 815 ponantur
756 766 865 804 reales
878 790 888 800 .

356 817 416 852 An
432 816 707 859 ΑκῦυΜῑΝῑ-Λ,
725 818 784 855 Ad
802 818 955 863 primum
973 809 1258 860 respondempa·

303 869 514 907 term'tatem
531 866 594 902 ess'e
624 869 711 903 exse
740 863 938 902 formaliter
951 862 1261 897 incommunicabi.

303 921 386 955 lem,
405 914 586 964 Qamvis
605 921 698 953 enim
715 917 732 952 a
751 916 964 964 paternitate
974 910 1145 952 divina‚&
1160 921 1260 946 cren·

303 981 339 1007 ta
369 964 519 1002 abstrahi
549 976 654 1012 queat
667 973 861 1013 conceptus
872 959 986 996 dian&
1003 962 1043 995 itt
1061 960 1151 1008 quid
1165 960 1208 995 de
1222 972 1262 995 u-

303 1027 440 1064 uaquc3
454 1024 609 1051 attamen
633 1016 773 1051 realitas
789 1010 1009 1062 paternitatis
1026 1011 1058 1043 in
1076 1008 1171 1052 Deo,
1183 1021 1262 1056 quae

305 1079 372 1106 non
389 1064 435 1101 est
458 1064 655 1100 formaliter
671 1064 810 1100 essentia
823 1061 958 1102 divina,
971 1057 1019 1095 est
1031 1068 1077 1093 ex
1090 1058 1119 1093 se
1132 1063 1262 1096 incom-

304 1113 520 1154 municabilis
537 1140 548 1156 ‚
575 1113 607 1148 ἃ
623 1125 689 1149 non
700 1114 791 1162 quasi
807 1121 870 1160 per
893 1108 1125 1145 extrinsecam
1146 1109 1263 1147 deter-

305 1168 537 1202 minationem
556 1189 565 1205 ‚
584 1173 670 1208 puta
686 1168 768 1211 quia
795 1161 912 1199 divina
926 1184 935 1193 .
951 1156 1065 1194 Ratio
1077 1166 1197 1195 autem
1212 1164 1262 1195 in·

306 1213 675 1251 communicabilitatis
698 1213 770 1259 ejus
796 1211 844 1248 est
878 1206 939 1243 ista
958 1220 968 1244 ε
1003 1204 1144 1245 Etenim
1176 1208 1263 1247 ficut

306 1264 448 1302 essentia
475 1261 523 1298 est
550 1261 651 1297 aetus
677 1263 843 1304 ultimus,
868 1256 996 1294 &ideo
1011 1268 1187 1305 repugnat
1199 1259 1263 1296 sibi

304 1325 368 1364 per
393 1312 526 1361 aliquid
550 1311 794 1356 determinari,
818 1306 973 1357 respefku
998 1307 1103 1354 cujus
1128 1307 1169 1344 fit
1191 1309 1261 1358 ipsa

304 1360 399 1413 quasi
432 1362 620 1408 potentiale
633 1362 784 1408 qui·l;ita
802 1362 834 1397 ἃ
854 1356 1019 1407 quicquid
1033 1357 1082 1393 est
1095 1362 1127 1394 in
1141 1371 1195 1403 ca,
1211 1358 1261 1396 est

305 1416 339 1449 in
358 1412 482 1448 ultima
511 1410 718 1447 aetualitate
736 1412 794 1448 sibi
811 1408 975 1460 possibili.
993 1406 1033 1442 Isi
1048 1419 1090 1443 eo
1103 1413 1195 1447 enim
1211 1413 1260 1446 in·

304 1463 404 1500 stanti
423 1471 552 1496 naturae
565 1487 576 1503 ‚
602 1472 672 1507 quo
696 1465 728 1497 in
744 1462 893 1500 Deitate
922 1457 1128 1509 intelligitur
1144 1460 1258 1508 pullu·

305 1514 380 1549 lare
401 1510 632 1557 sapientiam}
651 1514 684 1544 in
703 1511 826 1547 ultimo
842 1507 1060 1546 astualitatis
1073 1509 1126 1551 ,ἃ
1142 1510 1259 1557 perfe-

305 1562 431 1601 ettonis
446 1586 455 1601 ‚
469 1571 573 1606 quam
590 1558 699 1606 potest
721 1560 851 1596 habere
868 1584 879 1600 ,
901 1568 943 1592 ac
956 1565 1145 1602 propterea
1160 1570 1261 1604 repu-

305 1620 391 1659 gnat
412 1608 468 1643 sibi
499 1620 560 1656 per
577 1608 668 1643 aliud
686 1607 913 1645 determinari
928 1630 939 1647 ,
967 1604 1001 1638 8(
1016 1604 1110 1652 quast
1136 1606 1257 1654 perfici

303 1664 384 1711 quia
410 1668 494 1694 tunc
518 1661 767 1704 conciperetur
792 1661 826 1691 in
845 1658 957 1703 primo
973 1654 1107 1690 instanti
1121 1667 1187 1691 non
1201 1666 1261 1690 ac·

304 1708 425 1756 cepisse
451 1719 590 1742 omnem
610 1706 667 1742 fibi
700 1705 892 1753 possibilem
922 1702 1191 1752 perfessionem.
1226 1705 1261 1741 δι

305 1756 534 1795 consimiliter
550 1755 719 1803 quicquid
732 1757 765 1791 in
779 1767 821 1791 ea
839 1764 964 1791 natura
985 1757 1130 1800 reperiri
1145 1753 1261 1802 potest

306 1806 649 1848 incommunicabile,
666 1809 698 1840 in
717 1804 839 1840 eodem
857 1812 991 1840 naturae
1004 1802 1103 1849 signo
1115 1832 1125 1848 ‚
1142 1808 1174 1840 in
1188 1816 1260 1852 quo

304 1862 391 1894 oriri
412 1856 626 1901 intelligitur
640 1882 651 1898 ‚
677 1853 726 1891 est
745 1853 1074 1889 incommunicabile
1091 1853 1133 1889 de
1147 1854 1177 1890 se
1192 1855 1262 1890 for·

305 1908 448 1945 maliter
462 1931 472 1941 .

357 1956 403 1992 Et
433 1954 595 2004 quamvis
609 1952 677 1989 hoc
692 1952 802 2000 ipsum
817 1951 1036 1998 originative
1049 1978 1060 1994 ,
1083 1952 1116 1989 &
1127 1952 1265 1991 Funda-

307 2007 510 2046 mentaliter
541 2006 734 2049 paternitas
748 2012 934 2049 acceptum
962 2002 1072 2038 habet
1096 2003 1141 2040 ab
1158 2003 1265 2040 effen·

305 2062 356 2093 tia
375 2053 509 2097 divina,
522 2064 594 2100 quae
611 2051 818 2101 estpelagus
836 2054 1011 2101 quoddam
1022 2053 1267 2102 infinitaesub·

302 2106 470 2157 stantia,
484 2101 567 2138 teste
587 2101 753 2139 Damalc.
771 2102 829 2138 lib.
849 2116 919 2142 ne.
938 2115 987 2139 12.
1005 2111 1162 2139 attamen
1187 2115 1267 2139 orn·

309 2156 411 2192 nibus
425 2183 435 2199 ,
451 2164 526 2201 quae
539 2161 584 2187 ex
600 2163 641 2187 ea
659 2152 885 2198 originantur
902 2179 912 2196 ,
939 2153 1050 2189 insunt
1070 2152 1267 2190 formaliter

311 2210 452 2256 proprie
466 2208 617 2238 rationes
634 2228 645 2245 ,
672 2210 711 2236 ut
734 2204 817 2239 vere
839 2202 960 2252 seipsis
973 2203 1038 2238 sint
1052 2206 1168 2251 primo
1179 2203 1267 2240 talia

310 2256 516 2292 formaliter.
533 2252 638 2290 Unde
655 2251 712 2288 etsi
730 2252 893 2298 sapientia
907 2256 1119 2302 originative
1133 2253 1267 2289 habeat

311 2317 351 2340 ut
375 2303 415 2339 sit
449 2303 650 2349 {impliciter
678 2301 846 2348 perfectio
867 2330 878 2347 ‚
907 2304 956 2340 est
983 2303 1207 2340 nihilominus
1234 2302 1266 2337 se

311 2356 383 2402 ipsa
401 2353 594 2389 formaliter
619 2350 789 2399 perfeetio
804 2353 1030 2402 simpliciter.
1054 2353 1087 2389 δε
1110 2357 1144 2389 in
1159 2353 1187 2388 se
1201 2352 1269 2388 for·

313 2405 456 2441 maliter
475 2402 608 2438 infinita
623 2413 631 2434 τ
646 2401 779 2439 adeout
798 2405 1059 2451 circumscripta
1076 2415 1136 2450 per
1150 2401 1269 2450 impos-

313 2453 406 2490 sibile
423 2449 562 2488 essentia
581 2479 591 2495 ‚
614 2451 655 2487 de
673 2462 741 2498 qua
761 2453 830 2496 est,
854 2454 888 2488 &
901 2453 1010 2489 stante
1027 2452 1202 2490 intelieftu
1219 2451 1268 2486 sa-

311 2504 531 2551 pientiae‚erit
545 2505 637 2537 ratio
650 2501 724 2548 ejus
750 2503 971 2550 perfeStionis
998 2501 1200 2549 {impliciter
1214 2504 1269 2536 in·

313 2551 484 2588 finitae.lta
499 2554 531 2585 in
549 2563 592 2588 eo
607 2549 767 2596 instanti,
791 2554 823 2588 in
835 2553 1121 2601 quointelligitur
1151 2562 1269 2599 pater-

311 2605 406 2638 nitas
436 2605 467 2636 in
493 2599 630 2635 essentia
643 2601 784 2646 divina,
812 2604 841 2641 se
859 2602 926 2650 ipsa
939 2601 986 2638 est
1014 2601 1207 2638 formaliter
1222 2604 1271 2636 in-

310 2650 629 2691 communicabilis,
646 2655 751 2688 etiam
767 2665 827 2700 per
840 2651 1044 2702 impossibile
1057 2650 1272 2686 circumseri*

309 2711 370 2750 pta
392 2700 565 2736 Deitate.
595 2699 676 2735 Nec
700 2702 767 2738 ulla
782 2706 924 2738 omnino
939 2699 1273 2750 apparetcontradi-

311 2750 382 2785 &io
396 2775 407 2791 ‚
433 2748 566 2794 aliquid
578 2748 671 2795 quast
686 2754 900 2798 originative
911 2778 922 2794 .
940 2752 974 2786 8(
988 2750 1170 2788 causaliter
1182 2750 1274 2786 acci-

312 2810 395 2847 pere
414 2797 457 2832 ab
488 2798 560 2834 alio
576 2798 718 2847 id,quod
734 2802 793 2836 sibi
806 2801 1002 2839 formaliter
1014 2800 1272 2837 convenit.Nec

310 2847 418 2895 hujus
435 2846 665 2893 diversitatis,
683 2849 730 2885 est
749 2852 814 2887 alia
835 2856 926 2889 ratio
943 2850 1099 2887 formalis
1116 2861 1270 2897 quaeren·

313 2894 437 2940 da3nili
452 2900 532 2946 quia
563 2897 624 2948 bec
643 2904 772 2935 entitas
797 2899 844 2939 est
859 2901 940 2943 haze,
956 2900 989 2935 8<
1005 2898 1058 2935 ilia
1074 2903 1207 2936 entitas
1226 2897 1274 2934 est

312 2949 380 2984 illa:
398 2946 430 2980 ἃ
442 2948 513 2980 haec
530 2954 670 2992 entitaS,
682 2954 764 2997 quia
787 2950 859 2987 haec
873 2977 883 2992 ,
896 2950 944 2988 est
957 2948 1273 2992 communicabilis3

311 2998 346 3034 8<
359 2996 413 3033 illa
441 2996 508 3033 alia
527 3021 536 3037 ,
549 3002 632 3044 quia
652 3001 719 3041 illa,
731 2999 778 3034 est
794 2999 1147 3042 incommunicabilis;
1162 2996 1268 3037 Adeo

314 3056 356 3084 ut
369 3050 541 3091 originari
565 3059 782 3096 nequaquam
809 3049 963 3097 possent,
984 3048 1042 3083 nifi
1061 3050 1170 3098 juxta
1199 3050 1274 3084 exi-

313 3096 473 3144 gentiam
491 3102 711 3144 propriarum
732 3109 912 3134 rationum
929 3125 937 3134 .
953 3099 1065 3134 Ratio
1079 3108 1198 3133 autem
1217 3107 1278 3136 ex-

313 3143 461 3181 trinseca
474 3144 521 3182 el}
535 3173 544 3188 ‚
558 3151 639 3194 quia
662 3147 814 3191 essentia,
826 3160 905 3185 cum
920 3147 961 3183 fit
974 3146 1177 3187 radicaliter
1197 3145 1275 3184 infi-

314 3199 386 3232 nita
400 3220 410 3236 .
435 3205 478 3228 ex
497 3207 536 3232 ea
551 3200 634 3232 oriri
653 3197 786 3244 possunt
801 3199 926 3235 nedum
950 3197 1180 3244 perfeetiones
1198 3195 1276 3236 fim⁹

315 3247 454 3293 pliciter
471 3270 482 3285 ‚
507 3245 539 3279 8<
553 3247 868 3283 communicabiler
881 3275 891 3290 ,
919 3247 973 3282 sed
986 3251 1093 3284 otiam
1114 3249 1273 3294 proprie-

317 3305 413 3332 tates
430 3293 625 3343 personales
641 3296 983 3335 incommunicabiles
995 3322 1004 3332 .

367 3343 422 3379 Ex
451 3344 503 3378 bis
527 3344 569 3377 ad
582 3346 875 3383 omnesinduftas
893 3346 1123 3392 probationes
1141 3370 1150 3379 .
1175 3343 1273 3382 Nam

315 3405 357 3430 ut
373 3398 569 3439 paternitas
593 3393 639 3431 est
663 3395 706 3431 de
721 3395 750 3429 se
767 3394 1125 3436 incommunicabilis.
1154 3398 1200 3429 ita
1225 3393 1277 3431 est

317 3446 358 3481 de
375 3445 403 3478 se
432 3443 496 3478 hec
515 3469 526 3484 ,
548 3444 768 3490 intelligendo
784 3471 795 3488 ,
818 3454 856 3480 ut
879 3444 1014 3479 dietum
1039 3443 1106 3485 est.
1128 3442 1169 3480 de
1197 3443 1277 3491 ejus

316 3493 502 3536 realztate,
518 3504 584 3527 non
599 3494 640 3529 de
654 3493 966 3542 concept115ets‘1id
984 3494 1199 3539 originative
1217 3505 1276 3530 ac*

317 3548 428 3589 cipiat
444 3541 487 3579 ab
508 3541 649 3581 essentia
662 3571 670 3579 .
685 3544 767 3579 Non
781 3544 829 3579 est
846 3547 952 3590 igitur
966 3553 1104 3584 verum,
1116 3541 1275 3589 quidita-

319 3603 389 3629 tem
421 3603 565 3627 omnem
596 3593 660 3628 esse
691 3594 1041 3635 communicabilem.
1059 3593 1115 3628 ssd
1136 3601 1276 3633 tantum

318 3642 527 3690 quiditatoem
541 3667 553 3685 ,
573 3654 648 3690 que:
662 3641 709 3679 est
732 3642 1108 3690 perfectiosimpliciter
1120 3669 1131 3686 ,
1144 3651 1206 3678 aut
1219 3641 1273 3677 di-

320 3690 487 3731 visibilis,
516 3691 632 3727 Prima
656 3698 744 3730 enim
773 3696 1051 3731 communicatur
1077 3692 1271 3739 inssunitate

320 3751 475 3781 natura,
501 3741 644 3777 secunda
666 3753 746 3781 cum
768 3743 814 3778 sui
836 3741 1004 3780 divisione
1025 3753 1034 3775 :
1057 3752 1123 3790 que
1147 3745 1271 3788 utique

322 3803 389 3825 non
402 3788 448 3825 est
460 3790 632 3836 perfectio
646 3787 842 3840 simpliciter
859 3819 870 3836 .
900 3790 961 3829 Ad
986 3789 1128 3828 tertiam
1145 3792 1274 3841 proba-

835 177 1101 245 Sumntae
1110 173 1376 256 joannis
1402 179 1579 242 Dum
1613 175 1781 244 Scoti
1797 223 1812 241 .

1330 271 1464 303 tionem
1481 267 1577 312 quod
1593 272 1748 312 attinet,
1761 269 1966 320 negandum
1983 297 1993 311 ,
2005 268 2186 317 oppositas
2202 272 2287 306 rela-

1327 317 1441 353 tiones
1459 315 1601 365 perinde
1627 316 1693 353 esse
1721 320 2066 356 incommunicabiles
2083 333 2093 362 ς
2111 324 2181 354 imo
2199 320 2286 354 afti-

1330 378 1414 402 vam
1429 368 1653 414 spirationem
1677 369 1762 403 oriri
1789 380 1827 405 ut
1843 369 2169 404 communicabilem
2195 368 2286 404 duo-

1328 415 1419 459 bus,
1446 415 1535 452 adeo
1561 426 1598 451 ut
1611 414 1670 451 sibi
1692 427 1865 464 repugnet
1882 417 1983 460 fieri,
2004 429 2065 455 aut
2089 421 2217 453 exoriri
2242 419 2285 455 de

1327 465 1487 508 essentia,
1500 467 1839 501 incommunicabilis
1855 493 1866 508 ,
1894 478 1958 512 per
1972 467 2110 514 aliquod
2127 467 2288 502 determi-

1327 527 1428 551 nans.
1446 514 1584 551 Contra
1600 527 1689 551 vero
1706 515 1872 562 paffivam
1885 515 2110 562 spirationem
2135 520 2167 551 in
2180 528 2224 551 eo
2240 519 2290 552 in·

1330 564 1456 607 stanti,
1473 577 1546 612 quo
1573 564 1770 602 formaliter
1791 565 1840 602 est
1856 569 1902 611 *in
1925 563 2057 600 divinis
2072 591 2083 607 ,
2104 565 2146 600 de
2160 566 2190 601 se
2220 565 2286 602 effe

1330 614 1696 650 incommunicabilem
1710 641 1720 650 .

1378 663 1438 700 Ad
1452 663 1636 700 secundum
1651 664 1801 701 dicendu
1809 665 1909 706 ττι,Τὸ
1919 674 1988 711 per
2002 665 2159 699 accidens
2169 662 2288 700 diffor-

1327 713 1436 750 miter
1452 717 1564 760 accipi
1580 713 1866 762 ajMetaphyftco
1882 742 1893 757 ‚
1914 714 1948 749 &
1965 712 1983 749 a
2002 714 2137 760 Logico
2149 740 2158 749 .
2188 713 2283 750 Nam

1330 762 1642 813 Metaphysicusjid
1654 763 1739 800 dicit
1756 763 1820 800 effe
1843 775 1905 811 per
1922 763 2085 800 accidens
2100 791 2110 806 ,
2131 763 2224 811 quod
2240 767 2287 800 in·

1329 814 1440 850 cludit
1453 826 1510 849 res
1521 814 1670 849 duorum
1690 826 1880 861 generum,
1912 825 1944 860 ς.
1974 814 2135 860 Mraphy.
2156 823 2228 861 cap.
2244 814 2287 848 de

1329 864 1486 900 vnotex.
1503 863 1622 909 c.7.At
1641 863 1803 910 Logicus
1818 864 1902 899 dicit
1919 875 1996 898 eam
2014 862 2284 910 propositionem

1331 911 1397 948 esse
1413 923 1475 958 per
1489 911 1678 956 accidens,
1700 914 1801 962 cujus
1826 912 2021 960 subjefkum
2052 925 2119 948 non
2144 914 2286 950 includit

1328 965 1502 998 rationem
1518 962 1725 999 inhaerentiae
1749 961 1928 1011 pret-dicati
1946 989 1956 1005 ‚
1981 971 2022 998 ut
2044 964 2219 998 rationale
2232 963 2279 1011 est

1330 1014 1489 1056 animal3
1503 1023 1583 1047 cum
1599 1013 1707 1060 igitur
1724 1025 1770 1049 ex
1785 1012 1912 1048 talibus
1930 1012 1970 1048 sit
1983 1023 2071 1048 unus
2085 1022 2288 1062 conceptus,

1331 1074 1486 1110 quorum
1500 1072 1626 1098 neuter
1639 1062 1686 1098 est
1702 1076 1765 1110 per
1776 1064 1806 1099 se
1822 1063 2119 1099 determinativus
2136 1063 2288 1107 alterius,

1329 1112 1378 1148 est
1389 1110 1479 1147 unus
1506 1121 1700 1159 conceptus
1726 1125 1790 1159 per
1806 1111 1994 1158 accidensf.
2019 1110 2200 1159 Qoniam
2224 1115 2289 1159 igi·

1329 1171 1388 1198 tur
1414 1161 1493 1206 hie,
1511 1165 1719 1207 paternitas
1730 1163 1778 1210 est
1804 1162 1933 1198 Deitas
1954 1161 2145 1209 subjeftum
2162 1174 2229 1198 non
2245 1164 2290 1197 in·

1330 1211 1444 1247 cludit
1457 1215 1639 1247 rationem
1670 1212 1876 1249 inhaerentiae
1891 1212 2093 1258 praedicati:
2112 1213 2193 1258 quia
2212 1213 2288 1248 sub-

1321 1260 1459 1310 jectum
1477 1273 1546 1297 non
1568 1260 1618 1297 est
1633 1260 1829 1298 formaliter
1851 1261 2077 1308 praedicatum
2092 1287 2100 1296 .
2115 1262 2287 1298 Consimi-

1329 1310 1599 1360 literjungendo
1612 1321 1822 1357 conceptum
1837 1311 1980 1359 subjefki
1997 1315 2184 1357 conceptui
2203 1324 2288 1359 prae-

1328 1361 1448 1407 dicati,
1458 1362 1532 1397 haec
1542 1359 1640 1397 Deus
1652 1360 1700 1408 est
1728 1362 1846 1398 Pater
1863 1374 1930 1396 non
1954 1362 2001 1398 est
2022 1374 2083 1409 per
2107 1360 2137 1397 se
2152 1361 2262 1408 logice
2278 1388 2289 1404 ,

1327 1417 1412 1459 quia
1424 1422 1617 1458 conceptus
1635 1415 1738 1445 unius
1756 1422 1822 1446 non
1841 1408 1890 1446 est
1906 1422 1966 1457 per
1991 1411 2021 1447 se
2048 1411 2287 1447 determinati·

1329 1474 1397 1497 vus
1433 1469 1623 1507 conceptus
1650 1460 1796 1495 alterius
1826 1486 1837 1502 ‚
1868 1459 2006 1497 dicente
2042 1459 2262 1496 Damasceno
2277 1488 2289 1505 ‚

1320 1510 1812 1559 proprietatesdeterminam
1822 1509 2094 1556 hypostases,non
2107 1520 2285 1546 naturam.

1330 1560 1396 1595 Iste
1412 1564 1523 1604 igitur
1539 1566 1735 1603 conceptus
1762 1570 1831 1592 non
1855 1557 1903 1593 est
1916 1563 1948 1593 in
1963 1560 2005 1601 se,
2017 1560 2050 1592 8(
2064 1572 2124 1604 per
2140 1561 2168 1594 se
2184 1570 2286 1603 unus,

1328 1608 1362 1644 ἃ
1380 1606 1522 1643 subinde
1545 1618 1611 1641 non
1638 1606 1726 1642 dicit
1749 1615 1957 1652 conceptum
1983 1618 2046 1652 per
2069 1608 2099 1642 se
2126 1607 2287 1653 suppositi

1328 1656 1485 1707 respthu
1512 1655 1666 1702 alicujus
1682 1681 1691 1690 .
1710 1655 1849 1701 Logice
1867 1656 1974 1702 igitur
1986 1656 2161 1703 loquendo
2173 1655 2288 1703 potest

1329 1708 1475 1744 concedi
1485 1734 1496 1750 ,
1529 1707 1683 1743 ‘Patrem
1695 1715 1762 1740 non
1774 1706 1840 1752 effe
1846 1715 1915 1753 per
1917 1706 1964 1751 fe
1966 1704 2184 1755 suppofitnm
2199 1705 2287 1743 Dei.

1331 1757 1427 1792 Cum
1446 1761 1566 1804 itaque
1580 1757 1760 1801 arguitur,
1786 1761 1868 1802 quia
1890 1761 2005 1801 prima
2030 1755 2197 1792 identitas
2224 1755 2290 1793 esse

1330 1810 1453 1856 nequit
1473 1819 1533 1854 per
1547 1804 1725 1847 accidens;
1745 1808 1855 1850 prima
1878 1815 1995 1841 autem
2014 1805 2178 1842 identitas
2193 1805 2292 1842 vide-

1332 1866 1391 1893 tur
1406 1855 1470 1892 esse
1496 1868 1558 1903 per
1575 1854 1604 1890 se
1630 1864 1762 1890 naturae
1783 1854 1826 1890 ad
1844 1855 1940 1890 suum
1968 1856 2178 1903 suppofitum
2194 1881 2204 1890 .
2222 1855 2292 1891 Re-

1333 1904 1489 1953 sponsio:
1515 1904 1636 1941 Prima
1660 1903 1829 1940 identitas
1852 1904 2109 1952 praedicationis
2130 1905 2179 1941 est
2193 1905 2292 1953 cuju·

1332 1956 1484 2003 scunque
1506 1955 1550 1990 ad
1567 1955 1617 1997 se,
1642 1963 1681 1988 ut
1693 1953 1788 1989 homo
1802 1954 1849 2001 est
1865 1954 1960 1991 homo
1976 1982 1986 1997 ‚
2001 1954 2100 1991 Deus
2112 1954 2160 2001 est
2172 1956 2290 1996 Deus.

1332 2005 1390 2044 sed
1404 2004 1642 2051 comparando
1670 2004 1763 2040 hunc
1788 2003 1905 2040 Deum
1932 2004 1975 2040 ad
1998 2003 2229 2052 suppositum,
2253 2004 2288 2039 &

1334 2055 1522 2103 quaerendo
1539 2055 1762 2090 identitatem
1779 2079 1789 2093 ,
1812 2053 1984 2096 dicimus,
1997 2054 2289 2103 realiterloquen-

1335 2105 1382 2140 do
1402 2104 1584 2141 secundum
1599 2100 1902 2150 Metapbysicum‚
1914 2114 1994 2138 cum
2010 2104 2055 2139 ibi
2070 2115 2137 2139 non
2147 2101 2212 2138 fint
2225 2115 2287 2150 ge·

1333 2166 1415 2192 nera
1433 2182 1443 2197 ‚
1469 2166 1532 2189 nec
1547 2153 1679 2200 aliquid
1706 2152 1855 2199 alicujus
1867 2156 2033 2199 generis:
2048 2152 2195 2189 Nullum
2209 2152 2288 2196 esse,

1334 2215 1396 2241 aut
1412 2205 1615 2249 excogitari
1643 2201 1736 2249 posse
1750 2201 1807 2237 hic
1832 2214 1893 2237 ens
1906 2215 1970 2250 per
1983 2203 2141 2239 accidens
2156 2228 2165 2238 .
2185 2201 2265 2237 Nee
2277 2228 2288 2244 ‚

1333 2259 1416 2302 quia
1436 2254 1551 2300 logice
1575 2252 1624 2289 est
1648 2250 1871 2288 accidentalis
1900 2253 2102 2298 praedicatio
2126 2251 2288 2299 suppositi

1332 2305 1378 2341 de
1394 2314 1519 2340 natura
1546 2302 1689 2345 divina,
1714 2301 1829 2336 inferri
1858 2301 1985 2338 debere
2009 2303 2169 2338 accidens
2187 2310 2291 2337 meta·

1333 2354 1513 2403 physicum
1531 2379 1542 2395 ‚
1566 2361 1604 2388 ut
1625 2361 1670 2387 ex
1695 2349 1862 2397 praemiss‘a
1893 2350 2128 2389 declaratione
2163 2352 2291 2398 liquet.

1336 2405 1432 2441 Nam
1454 2403 1516 2439 etsi
1542 2402 1684 2448 propria
1707 2401 1889 2437 relationis
1906 2405 2000 2438 ratio
2014 2399 2211 2446 formaliter
2222 2410 2290 2435 non

1335 2453 1491 2490 includat
1503 2452 1649 2488 effentiae
1668 2461 1877 2498 conceptrm
1895 2478 1906 2495 ‚
1931 2463 1975 2486 ex
1988 2463 2059 2499 quo
2075 2451 2113 2488 fit
2129 2460 2167 2486 Ut
2179 2450 2291 2497 logice

1336 2505 1538 2552 praedicatio
1561 2513 1628 2536 non
1652 2499 1692 2535 sit
1717 2511 1778 2548 per
1807 2502 1859 2544 se3
1887 2501 2118 2537 nihilominus
2140 2502 2222 2547 quia
2246 2509 2292 2534 ex

1336 2563 1465 2590 natura
1481 2554 1529 2588 rei
1547 2562 1652 2588 unum
1667 2548 1714 2586 est
1731 2550 1899 2587 verissime
1912 2550 2001 2587 idem
2015 2553 2117 2587 alteri
2129 2558 2291 2585 extremo

1338 2615 1383 2640 ex
1411 2615 1451 2640 ea
1466 2601 1654 2642 identitate
1675 2598 1875 2647 simpliciter
1897 2601 2099 2637 excluditur
2124 2598 2291 2634 habitudo

1337 2654 1511 2689 realitatis
1540 2650 1583 2687 ad
1605 2649 1802 2686 realitatem
1816 2677 1826 2694 ,
1848 2651 1962 2698 qualis
1990 2650 2029 2687 sit
2046 2656 2190 2697 oportet
2204 2648 2293 2684 inter

1336 2715 1379 2739 ea
1394 2730 1405 2746 ,
1430 2713 1505 2750 quse
1523 2698 1741 2736 constituunt
1765 2711 1872 2736 unum
1887 2712 1949 2747 per
1962 2699 2121 2737 accidens
2135 2726 2144 2735 .

1388 2753 1484 2789 Cum
1509 2751 1661 2793 dicitur3
1677 2752 1757 2796 quia
1777 2751 1808 2785 in
1821 2753 1996 2787 creaturis
2008 2751 2133 2787 relatio
2145 2746 2195 2784 est
2207 2746 2293 2783 alte·

1336 2804 1410 2839 rius
1427 2804 1571 2849 generis
1593 2799 1638 2836 ab
1662 2799 1844 2844 absoluto,
1867 2799 1945 2836 ideo
1979 2811 2046 2837 non
2068 2799 2154 2834 facit
2181 2808 2240 2845 ser
2265 2796 2295 2832 se

1337 2864 1445 2888 unum
1466 2862 1544 2886 curn
1558 2863 1601 2889 eo
1621 2862 1630 2892 3
1656 2860 1742 2895 ergo
1756 2855 1888 2902 pariter
1901 2850 1936 2883 in
1952 2847 2096 2892 divinia
2111 2856 2196 2894 ergo
2208 2845 2296 2882 ficut

1338 2907 1372 2939 in
1388 2902 1561 2937 creaturis
1574 2908 1699 2938 natura
1713 2910 1793 2938 cum
1808 2897 1978 2947 supposito
1991 2897 2040 2936 est
2056 2911 2115 2946 per
2128 2899 2158 2933 se
2174 2907 2298 2940 uuum,

1337 2956 1419 3000 quia
1438 2950 1543 2987 ambo
1559 2949 1715 2987 absoluta
1737 2962 1747 2992 ς
1777 2954 1825 2983 ita
1849 2949 1882 2983 &
1909 2949 1941 2983 in
1964 2948 2114 2986 divinis.
2144 2946 2298 2993 Rtspon·

1338 3003 1409 3041 {⁹102
1434 3000 1646 3037 Absolutum
1669 2997 1910 3046 imperfectum
1935 2997 2049 3044 potest
2073 2996 2139 3033 esse
2167 3000 2298 3032 incom-

1338 3049 1647 3089 communicabile3
1676 3047 1709 3082 δι
1743 3048 1986 3087 universaliter
2013 3047 2140 3094 aliquid
2152 3054 2298 3081 contra·

1338 3101 1427 3137 hens
1440 3110 1502 3146 per
1528 3099 1557 3134 se
1574 3102 1606 3133 in
1622 3097 1741 3143 aliquo
1755 3108 1885 3142 genere
1900 3097 1964 3132 effe
1982 3096 2092 3144 potest
2110 3100 2299 3132 incommu-

1338 3149 1485 3193 nicabile
1505 3174 1515 3190 ‚
1536 3146 1622 3187 ficut
1638 3146 1670 3184 ,ἃ
1686 3147 2005 3185 communicabile.
2029 3149 2082 3183 At
2107 3149 2140 3181 in
2165 3144 2297 3191 simpli-

1339 3202 1427 3235 citer
1452 3195 1607 3243 perfeeto
1632 3195 1764 3241 aliquid
1795 3194 1945 3243 ejusdem
1980 3197 2153 3236 rationis,
2179 3197 2298 3240 nequit

1341 3247 1407 3286 esse
1427 3245 1773 3287 incommunicabile,
1799 3250 1881 3296 quia
1921 3245 2089 3293 quicquid
2115 3242 2162 3281 est
2186 3244 2230 3280 acl
2247 3244 2297 3284 se,

1341 3299 1376 3337 8(
1397 3295 1590 3332 absolutum
1605 3321 1616 3338 ‚
1642 3294 1690 3330 est
1706 3294 1907 3344 simpliciter
1921 3294 2144 3342 perseEtionis
2164 3297 2296 3340 3igitut

1342 3348 1376 3382 8<
1392 3343 1484 3381 exse
1499 3345 1790 3383 communicabile
1807 3371 1818 3387 ,
1846 3345 1877 3378 84
1894 3343 1937 3381 de
1953 3345 1982 3380 se
1995 3344 2074 3387 hoc,
2099 3355 2164 3383 nec
2178 3345 2296 3390 proin·

1341 3397 1385 3434 de
1407 3394 1485 3430 fieri
1511 3394 1623 3441 potest
1638 3421 1648 3438 ‚
1670 3403 1711 3429 ut
1731 3394 1876 3430 ulterius
1893 3395 2146 3435 contrahatur,
2172 3390 2296 3428 velds-

1343 3445 1577 3483 termineturz
1602 3453 1759 3479 attamen
1781 3441 1894 3490 potest
1913 3443 2075 3480 constitui
2090 3440 2223 3488 aliquid.
2245 3444 2297 3475 in-

1342 3493 1634 3533 communicabile
1651 3504 1711 3540 per
1725 3493 1858 3539 aliquid
1872 3518 1882 3534 ,
1895 3493 1990 3540 quod
2015 3505 2082 3531 non
2105 3491 2156 3527 est
2186 3488 2297 3536 perfe-

1342 3545 1414 3580 etio
1430 3542 1626 3591 simpliciter
1638 3570 1649 3586 ,
1671 3542 1702 3576 3<
1718 3541 1801 3577 ideo
1820 3553 1881 3577 nec
1898 3542 2047 3589 ejusdem
2061 3542 2201 3588 generis
2214 3549 2295 3574 cum

1341 3593 1484 3630 essentia
1502 3618 1513 3635 .
1538 3591 1592 3628 sed
1615 3590 1707 3637 quasi
1731 3592 1875 3628 alterius
1891 3619 1900 3628 .

1387 3642 1445 3678 Ad
1473 3642 1797 3682 confirmationem,
1821 3652 1889 3688 qua
1916 3640 2137 3676 concluditur
2154 3637 2229 3674 fore
2255 3645 2295 3673 ut

1337 3693 1448 3740 major
1474 3691 1557 3728 esset
1578 3689 1746 3729 identitas
1770 3700 1891 3738 nature
1910 3699 2039 3728 creatae
2051 3688 2094 3724 ad
2111 3692 2294 3735 proprium

1340 3740 1580 3789 suppositum,
1613 3751 1719 3786 quam
1749 3750 1879 3778 naturae
1907 3739 2025 3790 divine
2043 3737 2088 3773 ad
2113 3738 2294 3775 divinum.

1341 3790 1564 3833 Dicendum,
1591 3800 1636 3826 ex
1650 3799 1773 3828 natura
1800 3793 1850 3826 rei
1867 3792 2013 3825 omnino
2036 3791 2252 3871 contrarifiim
2263 3788 2295 3822 ei

2171 3849 2180 3870 i
2210 3847 2244 3873 a·

2321 656 2379 686 Hie
2425 663 2522 695 prat«-

2320 705 2367 725 ηε
2413 695 2521 724 voa-r

2321 733 2397 763 addit
2413 733 2522 770 respon.

2321 773 2425 801 sionem
2439 772 2473 800 ad
2492 782 2522 807 ς.

2317 810 2504 851 probationem

2321 860 2382 889 quae
2453 856 2524 878 erat:

2321 890 2348 918 Si
2361 897 2409 926 per
2418 887 2522 924 impos·

2321 927 2397 956 finile
2448 926 2524 964 prius

2318 965 2526 1002 spirat-erumpi.

2320 1005 2387 1033 ritus
2400 1003 2524 1039 sannas,

2323 1041 2476 1080 paternitas
2489 1041 2520 1070 fo

2321 1091 2363 1110 ret
2393 1089 2523 1108 commu·

2323 1118 2446 1148 nicabilis
2460 1138 2469 1148 .
2490 1121 2523 1147 kt

2323 1159 2415 1191 dicit,
2455 1157 2521 1187 bane

2324 1195 2510 1234 suppositione

2323 1244 2379 1263 non
2402 1234 2454 1263 elle
2477 1233 2523 1264 ad·

2323 1273 2524 1305 mittendam.

2320 1313 2407 1350 quia.
2430 1310 2524 1349 impli-

2328 1358 2373 1378 cat
2394 1349 2523 1388 paterni-

2323 1396 2413 1417 tatem
2442 1396 2522 1416 eom·

2324 1426 2523 1456 municabilem

2324 1475 2354 1495 ut
2378 1465 2526 1493 hominem

2322 1502 2526 1537 irratio-alein3

2323 1545 2346 1571 δι
2361 1543 2398 1570 ita
2412 1540 2468 1570 fieri
2477 1549 2525 1568 n-

2323 1588 2526 1648 astrariz:

2323 1658 2346 1686 ti
2371 1656 2524 1694 proprietan

2327 1694 2475 1732 personalis
2513 1711 2525 1727 ,

2327 1733 2380 1762 Sed
2407 1730 2524 1777 videnda

2325 1772 2527 1841 afflat:

2326 1850 2384 1878 rius
2415 1848 2523 1877 ῡωᾶοι

2326 1887 2474 1926 ιρροηέἀο
2485 1896 2524 1916 ar·

2325 1934 2514 1966 guarennam-0

2326 1965 2361 1994 de
2387 1972 2523 2003 conceptu

2326 2012 2467 2032 commum
2497 2012 2523 2034 in

2322 2041 2388 2080 quid
2402 2040 2527 2071 abstrahi.

2326 2080 2372 2110 bili
2386 2085 2400 2109 a
2413 2081 2523 2120 propri·

2326 2119 2428 2149 tatibus
2451 2119 2524 2148 divi·

2324 2159 2379 2187 nis:
2388 2167 2454 2197 ergo
2468 2165 2524 2186 non

2325 2196 2384 2225 sunt
2396 2195 2522 2225 constitu-

2320 2236 2378 2264 tiva
2385 2234 2523 2277 *principia

2324 2276 2500 2313 pei-ionarum
2510 2290 2520 2303 ι

2325 2315 2402 2342 Nam
2415 2313 2470 2341 haec
2481 2314 2520 2341 ίίιι

2326 2351 2419 2390 primo
2431 2350 2519 2381 diver-

2325 2391 2352 2418 sa
2364 2403 2373 2413 ο

2326 2428 2391 2459 Hoc
2400 2425 2521 2467 argu-8·

2326 2474 2386 2496 tum
2398 2468 2462 2507 quia
2475 2471 2520 2505 per

2326 2507 2442 2535 trat‘tarx‘i
2472 2504 2519 2535 fui«

2325 2543 2404 2582 supra
2424 2554 2452 2582 q.
2474 2551 2519 2579 ς..

2325 2591 2382 2614 art.
2426 2593 2455 2620 4-
2489 2591 2518 2611 m

2325 2621 2468 2651 inridentis
2478 2621 2517 2650 hic

2326 2659 2472 2689 uniendum
2482 2662 2520 2696 jn·

2326 2699 2495 2731 dicavimus·
