2583 4109
38 321 69 347 „
97 290 399 334 Resolutionum
419 286 581 340 joannis
607 285 713 336 §coti
740 284 766 327 a
791 218 1019 329 Melighiore
1042 286 1175 328 Flavio
1202 216 1393 342 illustrato
1409 311 1422 334 ,
1449 286 1819 337 &authoritatibus
1859 287 1955 330 novi
1982 315 1996 337 ,
2039 290 2080 329 δε

42 381 66 403 ,,
97 345 519 400 veteris'Testamenti,
547 358 592 386 ac
605 347 846 387 Sanctorum
863 347 1028 387 Patrum
1043 343 1241 387 sententiis
1256 343 1549 398 comprobato.
1677 387 1680 395 Ζ
1743 393 1748 397 ὁ
1774 378 1787 397 ..‹
1837 374 1855 381 .,
1955 377 1957 379 .

98 439 125 462 ,‚
156 408 309 459 Adiecit
348 414 481 446 autem
505 405 751 447 Bartolucius
793 404 944 447 Affisias
969 407 1059 446 huic
1103 404 1267 445 editioni
1293 401 1499 456 Syllabum
1524 406 1777 458 genera-lem;
1795 406 1874 450 five
1917 419 2079 448 accura-

39 499 66 522 ‚,
95 481 181 511 tum
212 466 385 509 Iudicem
416 465 456 505 in
483 464 578 505 illud
617 465 815 519 Scriptum
852 463 1080 507 Oxoniense
1104 462 1262 505 Ioannis
1289 464 1432 516 Scoti,v
1453 475 1502 504 ex
1529 465 1757 518 antiquiore
1786 466 1918 509 Indice
1957 466 2081 508 colle-

40 559 67 582 „
98 531 239 578 num,
255 538 384 580 -quetn
400 522 562 565 Iacobus
585 522 638 565 ab
667 524 839 567 Ausculo
853 527 914 566 vir
931 525 1068 566 doctus
1099 524 1197 565 olim
1211 522 1391 564 ediderat
1408 551 1423 562 ‚
1455 523 1519 564 Eo
1544 523 1726 568 videlicet
1752 525 1912 579 Syllabo
1930 538 2000 579 per
2012 539 2082 566 or-

42 619 69 641 „
99 590 230 630 dinem
255 582 466 639 Alphabeti
501 582 660 626 selestos
687 584 884 637 dostrinaeq
910 585 1071 625 Scoticae
1093 582 1272 625 flosculos
1286 611 1305 634 „
1325 585 1371 625 .&
1396 583 1578 639 materias
1593 612 1606 634 ,
1638 582 1890 625 definitiones
1905 612 1917 633 ,
1948 584 2082 625 distin-

39 677 67 700 „
97 648 243 690 aiones
260 673 271 694 ,
301 644 523 693 axiomata,
555 644 875 701 mundationes,
905 642 1138 699 insigniores
1165 641 1480 699 propositiones,
1515 652 1602 690 tum
1630 644 1895 698 Theologicas
1911 671 1923 692 ,
1953 652 2082 684 tum-1

40 737 66 760 „
96 703 372 760 Peripateticas
388 732 400 753 ‚
431 704 596 745 strictim
613 704 765 758 attigit.

95 795 121 819 ,‚
154 764 382 821 Qnetiain
403 762 596 815 quoniam
618 762 751 817 Jovius
764 762 835 804 suis
849 763 1009 818 elogiis,
1031 764 1072 803 &
1098 763 1160 804 alii
1183 762 1234 803 de
1257 762 1406 803 Ioanne
1424 762 1537 803 Duns
1548 759 1672 804 scoto
1686 791 1698 813 ‚
1725 761 1833 816 quasi
1852 775 1934 802 non
1953 760 2083 802 solum

39 855 63 879 „
93 824 345 873 obscuriore,
370 821 433 863 sed
462 824 501 862 &
527 823 680 864 veritati
709 827 728 876 (
752 833 796 864 ut
821 837 902 864 non
931 821 1034 864 reste
1052 821 1243 876 putabant
1267 825 1286 873 )
1311 820 1494 873 tenebras
1508 819 1769 872 offundente,
1797 818 2098 863 licentiusfue-'

39 916 64 941 ι,
103 894 191 927 rant
221 884 366 938 locuti,
394 883 639 923 Bartolucius
666 883 865 938 Apologia
888 882 1050 940 Syllabo
1076 880 1254 936 prefixa,
1282 882 1454 923 vindicat
1483 882 1648 924 Scotum
1679 880 1731 922 ab
1760 881 2053 926 obtrecstatione
2070 909 2082 930 ,

40 976 66 1010 ν
94 945 202 1000 cujus
230 943 421 985 doctrinae
433 955 555 997 grave
576 942 672 983 illud
694 942 962 984 testimonium
991 951 1122 992 extat,
1155 941 1266 996 quod
1291 941 1488 994 ejus-libri
1519 940 1664 995 absque
1679 942 1763 982 ullo
1787 941 1940 983 erroris
1955 954 2083 990 naevo,

40 1035 64 1059 ‚0
94 1005 212 1059 aliiue
226 1004 268 1044 in
283 1007 384 1044 hanc
397 1003 504 1043 diem
515 1011 714 1043 trecentos
729 1003 886 1055 circiter
902 1015 1027 1043 annos
1038 1002 1078 1042 in
1091 1001 1346 1044 oecumenicis
1363 1001 1550 1051 Conciliis
1568 1001 1745 1044 inviolati
1762 998 2056 1056 permanserint
2069 1030 2080 1041 .

51 1097 55 1118 ³
95 1094 121 1116 „
151 1062 274 1114 Certe
287 1062 380 1105 cuin
411 1061 506 1104 illud
527 1062 803 1117 D.1Augustini
830 1063 879 1104 de
896 1062 1007 1103 laude
1035 1062 1232 1103 charitatis
1264 1074 1405 1102 verum
1421 1059 1492 1109 fit;
1526 1059 1596 1103 L'lc
1611 1070 1715 1103 tenet
1742 1060 1933 1117 quidquid
1957 1059 2082 1111 latet,
2105 1067 2186 1107 Aug.
2230 1064 2322 1100 serm.

40 1121 617 1182 &quidquidpatetindivinia
629 1117 901 1179 sermonibus,
927 1116 1381 1178 quicharitfztemfirvat
1394 1120 1435 1161 in
1452 1120 1618 1162 moribus
1649 1135 1657 1161 ε
1689 1121 1794 1163 haud
1827 1121 1976 1169 mirum
1994 1118 2080 1161 fue-
2108 1125 2158 1154 3⁹·
2174 1111 2322 1155 ‘¹⁶²⁶‘sp

0 1219 1 1222 ,
40 1214 64 1239 „
95 1187 172 1234 rit,
203 1181 448 1238 siingenium
475 1182 661 1235 Doeharis
692 1182 847 1225 Subtilis
871 1182 1077 1237 appellati,
1108 1180 1326 1230 modestia,
1358 1182 1398 1221 ὅ(
1421 1181 1608 1221 charitate
1637 1180 1848 1237 praeditum
1878 1178 2083 1222 altiffimos
2104 1156 2142 1190 ιδ
2154 1156 2235 1187 med.

41 1274 68 1297 „
94 1243 221 1286 sensiis
244 1256 386 1292 eruere
411 1243 585 1297 potuerit
610 1260 629 1293 ,⁷
668 1243 718 1283 ad
746 1244 954 1286 veritatem
979 1241 1247 1295 indagandam
1277 1270 1288 1281 .
1313 1241 1539 1294 Nunquam
1566 1241 1674 1282 enim
1689 1240 1795 1282 suam
1813 1240 2084 1291 sententiam

0 1317 4 1345 ι
41 1333 67 1357 „
96 1301 500 1360 profert-,inaliorum
527 1301 712 1357 injuriam
723 1331 737 1352 ,
769 1304 832 1345 vel
845 1300 1137 1357 depressionem
1165 1315 1174 1341 :
1202 1300 1301 1354 quin
1319 1313 1497 1353 quorum
1514 1311 1580 1341 aut
1595 1313 1756 1341 errores
1771 1300 1963 1342 convellit
1981 1328 1993 1349 ‚
2015 1309 2082 1343 aut

41 1393 67 1417 „
95 1362 305 1419 opiniones
330 1362 503 1411 excutit,
529 1362 611 1403 tam
637 1363 676 1408 id
701 1360 903 1413 modeste,
927 1361 1078 1404 &adeo
1105 1360 1344 1415 plerumque
1368 1358 1565 1415 suppresso
1581 1361 1744 1401 nomine
1759 1358 1875 1411 ficit,
1905 1370 1948 1403 ut
1961 1360 2085 1403 Chri.-

2 1438 5 1463 :
42 1452 68 1477 „
96 1424 218 1467 stiano
229 1423 381 1480 pectori
393 1421 566 1468 haesissea
581 1423 761 1464 Domino
777 1422 1003 1478 sapientiam
1021 1424 1039 1474 (
1055 1420 1164 1463 certe
1181 1420 1381 1475 integram
1399 1429 1580 1461 mentem
1596 1424 1614 1471 )
1628 1421 1770 1462 conjici
1785 1418 1920 1475 possit.

204 1658 207 1661 .
283 1545 606 1658 Insignes
630 1546 940 1630 Scoticae
974 1541 1334 1635 dofflrincc
1370 1544 1834 1657 Scriptores.

2 1736 7 1764 l
43 1723 223 1834 INter
235 1737 301 1765 eos
318 1733 478 1772 autem,
506 1723 577 1777 qui
609 1724 713 1765 Scoti
743 1723 967 1765 doetrinam
996 1722 1239 1764 illustrarunt
1259 1751 1270 1771 ,
1298 1719 1369 1763 fuit
1381 1722 1519 1762 Petrus
1554 1720 1799 1775 Aquinum,
1825 1719 1990 1761 Ordinis
2005 1717 2087 1763 Mi.

135 1797 310 1834 norum,
333 1795 610 1837 cognomento
636 1784 828 1825 Scotellus
854 1814 864 1824 .
890 1784 984 1824 Hoc
1010 1783 1117 1824 enim
1149 1782 1332 1822 Donore
1357 1794 1439 1830 non
1465 1778 1592 1822 solum
1623 1780 1671 1821 ad
1698 1781 1806 1821 Scoti
1837 1778 2088 1828 subtilitates,

5 1858 8 1883 3
43 1869 71 1896 5,
105 1858 244 1887 verum
271 1844 388 1884 etiam
417 1842 467 1882 ad
495 1844 547 1884 D.
567 1845 736 1885 Thomae
753 1872 765 1894 ,
794 1857 839 1884 ac
867 1843 1115 1895 reliquorum
1142 1841 1479 1889 Scholasticorum
1506 1840 1735 1882 doetrinam
1769 1838 1891 1881 facilis
1924 1848 2088 1895 paratur

44 1932 70 1956 „
101 1905 163 1946 via
191 1934 201 1945 .
227 1904 306 1945 Hic
333 1901 432 1944 vero
459 1902 576 1944 auctis
604 1901 759 1943 duobus
791 1901 1014 1951 lodicibus,
1037 1902 1166 1955 altero
1193 1900 1497 1956 Qaestionmn,
1527 1901 1655 1940 altero
1685 1898 1912 1947 verborum
1942 1927 1954 1949 ‚
1997 1898 2083 1939 Ste-.

43 1990 70 2016 ‚,
99 1964 217 2019 phani
231 1962 438 2006 Novellitii
452 1975 601 2017 opera,
629 1963 780 2017 prodiit
806 1961 1059 2004 emendatior
1092 1962 1132 2002 in
1147 1960 1277 2013 lucem
1308 1957 1458 2002 Parisiis
1474 1987 1486 2008 ,
1512 1972 1564 2000 ex
1591 1959 1751 2000 Nicolai
1783 1956 2090 2002 Nivelliioffici-

43 2051 68 2076 ‚,
98 2025 284 2065 naAnno
305 2028 426 2077 1585.
1156 2062 1158 2064 ,

0 2097 9 2123 ,ι
101 2111 128 2134 ,,
159 2085 215 2126 At
227 2093 265 2124 et
279 2082 479 2130 Antonius
490 2081 539 2124 de
557 2081 684 2124 Fantis
711 2080 939 2125 Tarvisinus
967 2079 1165 2129 Tabulam
1189 2080 1424 2135 generalem
1454 2078 1615 2120 Scoticae
1646 2076 1864 2120 subtilitatis
1882 2077 2088 2128 emiserat,

0 2156 13 2181 Ἰ1Ἰ
45 2172 72 2195 „
102 2144 246 2185 iterum
258 2141 612 2197 abssecastigatam
630 2144 754 2184 Anno
790 2156 836 2195 15
845 2141 1137 2196 30.Lugduiii,
1164 2141 1360 2194 optimam
1391 2140 1500 2179 illam
1527 2138 1691 2192 quidem
1719 2139 1866 2179 &osto
1894 2137 2088 2179 Sectioni-

47 2231 74 2256 „
104 2202 176 2245 bus
198 2217 269 2259 per
297 2201 506 2258 Alphabeti
527 2202 716 2244 ordinem
742 2200 963 2256 quamlibet
991 2200 1212 2242 distinctam
1235 2231 1244 2240 .
1278 2201 1465 2254 Qarutn
1496 2199 1625 2251 prima
1662 2198 1844 2239 materias
1889 2210 2030 2238 omnes
2061 2196 2084 2238 a

7 2276 16 2303 1.
51 2291 78 2315 n
109 2265 230 2310 scoto
262 2261 491 2318 disputataS,
516 2262 579 2304 vel
604 2263 857 2317 pertrastatas
885 2260 1086 2302 :secunda
1109 2258 1251 2300 decisas
1283 2256 1559 2300 conclusiones
1581 2258 1685 2299 circa
1714 2258 1970 2311 pertrae'tatas
1998 2271 2085 2297 ma-

52 2353 78 2376 „
109 2322 226 2364 terias
253 2336 261 2362 :
286 2323 400 2363 tertia
417 2322 626 2376 praecipuas
657 2322 810 2363 entium
838 2319 1089 2362 definitiones
1114 2333 1123 2359 ε
1149 2328 1292 2372 quarta
1320 2315 1574 2359 subtilissimis
1589 2316 1798 2358 divisiones
1816 2330 1866 2358 ex
1895 2316 2084 2363 omnibus

0 2397 12 2421 .·.
53 2411 79 2435 ‚,
110 2382 376 2426 voluminibus
401 2381 506 2423 Scoti
530 2381 731 2436 congestas
755 2396 765 2430 3
812 2394 987 2434 quarum
1021 2379 1200 2433 cognitio
1228 2377 1385 2419 facilem
1416 2376 1569 2431 praestat
1597 2377 1748 2418 aditum
1775 2377 1824 2416 ad
1853 2369 2086 2430 pleraque)

53 2472 84 2495 „
110 2443 247 2483 omnia
272 2441 520 2496 percipienda
543 2453 552 2481 :
579 2441 719 2495 quinta
747 2439 899 2494 regulas
922 2440 962 2479 in
984 2437 1221 2493 explicandis
1251 2451 1387 2479 rerum
1415 2435 1598 2477 omnium
1625 2435 1958 2491 proprietatibus:
1987 2435 2091 2476 sexta

1 2516 14 2541 ,τ
56 2532 82 2556 „
113 2501 421 2557 propositiones,
448 2511 638 2554 tanquam
653 2511 761 2541 certa
785 2502 1056 2542 Theoremata
1082 2512 1159 2553 pro
1175 2497 1400 2538 decidendis
1414 2494 1730 2537 conclusionibus
1764 2509 1812 2536 ex
1828 2495 2090 2550 Philosophiae

53 2576 84 2616 *„
113 2560 376 2617 penetralibus
401 2561 641 2614 deprompta
667 2558 860 2613 :septima
890 2559 1076 2614 plurimas
1105 2555 1332 2598 sanstorum
1361 2558 1631 2609 Interpretum
1668 2555 1887 2609 ambiguas
1911 2553 2095 2610 proposi·

2 2635 18 2659 .·.
58 2651 84 2675 „
113 2624 237 2664 tiones
257 2621 447 2662 nimirum
466 2619 695 2670 Ambrosii,
721 2619 887 2666 Hilarii,
916 2618 1145 2674 Augustini,
1172 2616 1392 2672 Gregorii,
1413 2614 1673 2665 Damasceni,
1701 2614 1880 2656 Anselmi
1908 2628 1917 2655 :
1945 2616 2091 2668 quin-.-

63 2711 76 2734 ,
104 2683 217 2728 etiam
247 2682 409 2735 triplicis
437 2681 702 2734 Peripateticae
735 2677 990 2732 Philosophiae
1022 2677 1264 2726 Aristotelis,
1291 2677 1332 2718 &
1366 2673 1558 2717 Averrois·
1589 2686 1809 2730 pugnantes
1841 2674 2049 2716 sententias
2084 2687 2093 2712 τ

0 2754 17 2780 l:
62 2770 89 2794 ‚,
119 2742 268 2783 Onava
291 2755 378 2795 quae
403 2741 586 2781 omnium
614 2738 729 2781 festio
755 2737 944 2788 uberior,
966 2740 1004 2779 ἃ
1021 2735 1258 2778 ἷτιιὲὶυῡίίοι·
1275 2764 1287 2785 ,
1315 2736 1532 2790 Epitomen
1552 2734 1738 2777 scibilium
1754 2764 1766 2785 ‚
1793 2733 1856 2776 seu
1870 2735 1989 2776 Mare
2008 2736 2093 2774 ma-

65 2831 91 2854 ,‚
121 2815 243 2857 gnum
258 2801 490 2843 scoticarum
503 2800 685 2841 omnium
699 2798 1006 2852 speculationum
1022 2797 1200 2838 continet
1220 2827 1229 2836 .
1262 2795 1326 2836 Ad
1342 2808 1516 2849 quarum
1545 2793 1761 2836 sectionum
1791 2795 1940 2836 calcem
1956 2794 2099 2834 idem-2

0 2876 9 2901 >.
65 2891 91 2913 „
121 2862 295 2910 Auibr,
320 2860 397 2901 sive
422 2861 653 2907 Colleitor,
680 2856 961 2913 digressionem
988 2856 1228 2911 perbrevem
1254 2855 1415 2905 adiecit,
1445 2868 1526 2909 qua
1557 2867 1700 2896 eorum
1719 2884 1731 2904 ‚
1763 2855 1902 2908 quaein
1933 2868 2096 2895 unum.)

68 2951 92 2973 ‚,
122 2921 307 2975 congesiit
325 2950 336 2971 ‚
363 2919 502 2961 seriem
523 2920 789 2959 methodicam
808 2918 928 2958 oculis
947 2916 1094 2957 subiicit
1111 2947 1120 2955 .

126 3008 153 3032 ‚,
183 2983 329 3022 Deerat
354 2980 486 3021 autem
513 2980 603 3020 huic
628 2977 789 3019 editioni
813 2976 979 3018 fecunda
1004 2974 1143 3024 sterio,
1169 2974 1232 3017 scu
1260 2973 1413 3017 Tabula
1439 2973 1748 3023 resolutionum,
1774 2971 1853 3015 five
1881 2971 2098 3014 deciffirum

72 3069 96 3091 „
126 3039 446 3087 conclusionum,
477 3038 540 3080 sed
568 3040 605 3079 8<
625 3038 734 3079 hasce
761 3037 892 3091 postea
923 3037 1072 3078 curavit
1089 3036 1222 3085 idem,
1247 3048 1371 3089 quem
1399 3035 1567 3076 diximus
1597 3034 1874 3084 Enceladus,
1903 3032 2016 3073 adiici
2043 3032 2102 3071 al-

8 3113 23 3138 f.
73 3129 97 3152 „
126 3109 209 3141 tera
222 3100 393 3141 editione
409 3098 620 3140 Veneta-ad
637 3097 807 3152 singulos
821 3098 926 3138 Scoti
944 3099 1098 3138 Tomos
1114 3127 1123 3136 .

128 3187 154 3210 „
184 3160 261 3201 Sed
285 3162 325 3200 ὃ(
352 3159 457 3200 idem
481 3159 680 3200 Antonius
705 3158 754 3198 de
776 3157 905 3197 Fantis
933 3155 1187 3211 explanandae
1212 3155 1318 3198 Scoti
1343 3155 1501 3210 Logicae
1529 3183 1542 3204 ,
1582 3162 1701 3210 atque
1742 3153 1844 3195 adeo
1875 3151 2102 3206 intelligen-

0 3233 23 3259 nli
73 3246 99 3272 ,‚
127 3220 180 3261 do
198 3221 316 3261 Scoto
330 3233 493 3273 operam
508 3218 615 3259 suam
634 3246 645 3271 ,
669 3232 756 3271 quae
771 3225 877 3256 extat
891 3245 902 3265 ,
924 3216 1140 3270 impendit.

130 3307 156 3330 „
188 3280 382 3321 Praeterea
393 3277 462 3318 fuit
475 3279 614 3318 Paulus
629 3286 905 3330 cognomento
919 3277 1122 3328 Sciiptor,
1151 3275 1325 3328 quicum
1341 3274 1586 3331 Qaestiones
1614 3271 1777 3317 Scotiin
1801 3270 1981 3326 primum
1998 3271 2100 3312 Sen-

0 3342 17 3382 l:
75 3366 100 3390 „
127 3348 211 3380 tent
236 3368 246 3379 .
270 3337 486 3392 Tubingae‚
515 3346 701 3390 quaetum
716 3346 802 3376 erat
826 3332 1050 3376 Catholicas
1075 3335 1206 3376 civitas
1222 3364 1233 3384 ‚
1264 3336 1387 3375 Anno
1421 3330 1807 3387 1498.exposuisset,
1833 3331 2019 3385 deinceps
2038 3331 2099 3372 hic

1 3403 18 3442 l2
74 3422 113 3450 „,
143 3398 241 3440 liber
271 3398 408 3452 Carpis
425 3425 435 3445 ‚
459 3397 540 3442 eius
582 3395 716 3451 oppidi
745 3395 927 3449 Principe
958 3393 1128 3436 Alberto
1152 3394 1226 3435 Pio
1246 3403 1517 3450 procurante,
1545 3393 1667 3433 editus
1692 3391 1746 3432 est
1774 3391 1897 3432 Anno
1926 3396 2051 3443 1506.
2080 3390 2105 3431 a

11 3460 19 3497 ἶ
77 3485 102 3508 „
131 3458 345 3499 BenediCto
362 3454 610 3498 Dulcibello,

3 3558 11 3563 ,
135 3545 161 3568 ,,
189 3519 404 3559 Gratianus
427 3517 521 3555 item
546 3511 754 3555 Brixiensis
780 3514 820 3554 in
847 3512 992 3567 Qaest.
1019 3512 1179 3554 Scotiin
1196 3511 1408 3554 secundum
1438 3511 1720 3553 sententiarum
1751 3524 1842 3551 cum
1872 3507 1989 3551 dost&
2014 3507 2106 3550 scri·

3 3572 8 3603 ἶ
66 3603 93 3627 ,,
123 3575 265 3631 psisl'et,
289 3576 433 3616 eodem
447 3574 630 3627 Principe
645 3602 657 3623 ,
689 3575 986 3628 Typographo‚
1014 3572 1104 3613 loco
1119 3601 1130 3621 ‚
1156 3575 1195 3613 δε
1218 3586 1327 3613 anno
1342 3571 1493 3612 emiss'us
1508 3570 1561 3611 cst
1580 3602 1589 3609 .

0 3672 15 3680 ,.
140 3665 165 3688 „
194 3635 413 3677 Franciscus
444 3636 644 3689 Lychetus
670 3630 877 3672 Brixiensis
904 3632 1208 3673 Commentaria
1230 3632 1381 3672 erudita
1412 3631 1450 3670 in
1482 3641 1560 3671 tres
1579 3629 1731 3682 primos
1759 3630 1936 3670 Sentent.
1954 3627 2104 3677 libros,

13 3714 16 3720 >
83 3722 108 3745 ,‚
137 3697 226 3736 &in
241 3693 484 3748 Qodlibeta
497 3694 600 3734 Scoti
627 3706 719 3733 cum
745 3689 983 3739 absolvisset,
1015 3693 1096 3730 haec
1124 3691 1255 3742 postea
1284 3692 1307 3731 Ξι
1335 3690 1538 3744 Paganino
1564 3690 1613 3729 de
1645 3689 1849 3743 Paganinis
1876 3684 2066 3728 Brixiensi
2092 3714 2104 3735 ‚

83 3782 108 3802 „
140 3756 258 3796 Anno
281 3755 597 3806 1517.evulgata
609 3750 880 3793 suntvenetiis
896 3779 906 3799 ,
930 3749 1191 3802 sedecpostea
1216 3748 1477 3793 novissime'in
1503 3762 1646 3789 omn-es
1672 3747 1954 3789 sententiarum
1979 3744 2102 3786 libros

17 3830 20 3845 1
83 3840 108 3862 ,‚
138 3813 187 3854 ab
203 3815 362 3854 Andrea
377 3813 549 3854 Zenario
561 3810 732 3851 Veneriis
747 3811 837 3850 exiit
852 3810 994 3850 iterum
1009 3808 1050 3848 in
1070 3810 1195 3849 lucem
1211 3840 1221 3850 .

139 3901 163 3922 ‚‚
193 3874 329 3915 Petrus
359 3876 565 3914 'I'ataretus
589 3868 735 3924 scripsit
759 3871 979 3924 Reportata
1008 3869 1048 3910 in
1080 3882 1119 3919 4.
1135 3867 1299 3909 sentent.
1332 3869 1436 3910 Scoti
1455 3897 1468 3919 ,
1491 3870 1532 3910 δι
1558 3869 1598 3910 in
1627 3866 1771 3921 Qaest.
1804 3863 2105 3921 Qodlibetales

0 3942 21 3982 l:-
1981 3921 2077 3971 ejus-
