2650 4142
182 3576 292 3605 Testor
309 3584 356 3603 Γ..

147 3615 226 3642 Mna
271 3613 305 3642 .s.
328 3623 358 3650 q.

145 3660 190 3682 12.
201 3661 230 3683 ss·
243 3661 272 3685 ,ἷι

371 225 493 303 3¹8

875 205 925 276 S
927 226 1139 276 ummoe
1146 205 1192 287 J
1195 203 1411 271 oannis
1435 200 1608 267 Duns
1627 201 1828 268 Steti:

450 323 1061 420 QUAESTIO
1131 315 1780 396 VIGESIMA
1851 310 2255 390 SEXTA
2319 292 2321 294 ’

549 439 687 492 DE
761 433 1199 490 DIVINA
1268 425 2165 484 BEATi‘rtJDINE‚

592 554 673 590 IN
727 547 1152 603 QpATUOR
1207 543 1712 581 ARTICULOS
1765 539 2103 580 DIVISA.

522 657 656 693 vltimo·
669 664 786 690 autem
793 652 869 701 post
883 649 1188 697 confiderationem
1203 656 1332 685 eorum,
1345 656 1420 691 quae
1432 644 1478 678 ad
1490 645 1622 679 divinae
1638 643 1788 690 effentiae
1801 644 1976 678 unitatem
1976 640 2165 688 pertinent
2176 663 2189 681 ,

945 697 1225 743 confiderandum
1253 694 1299 741 est
1309 694 1352 727 de
1368 693 1496 729 divina
1509 694 1733 729 beatitudine
1744 719 1756 730 .

490 803 582 840 ET
633 802 898 839 CIRCA
951 794 1110 834 HOC
1162 791 1723 846 QUAERUNTUR
1775 785 2225 843 QUATUOR.

361 906 391 940 1.
493 906 629 940 Utrum
648 901 836 938 beatitudo
855 901 940 938 Deo
956 903 1158 946 competat.

366 955 411 990 H.
501 952 699 992 Secundum
712 952 796 1000 quid
811 951 941 986 dicitur
952 949 1053 986 Deus
1065 945 1130 980 esse
1143 944 1269 979 beatus
1281 970 1292 979 .

657 1051 986 1097 vtrumsecuszdum
1002 1047 1112 1083 assum
1127 1043 1325 1080 intelleflus
1340 1044 1354 1079 .'

361 1152 427 1189 Ill.

491 1154 625 1188 Utrum
638 1152 704 1198 ipse
718 1150 759 1186 sit
772 1148 993 1186 essentialiter
1008 1143 1198 1184 beatitudo
1210 1142 1400 1191 cujuslibet
1417 1145 1514 1183 beati
1526 1174 1535 1182 .

363 1203 433 1239 W-
496 1203 632 1239 Utrum
648 1205 681 1237 in
695 1201 770 1249 ejus
785 1197 1008 1235 beatitudine
1019 1201 1138 1233 omnis
1152 1192 1338 1230 beatitudo
1355 1195 1552 1233 includatur
1563 1225 1573 1235 ,

534 1303 567 1339 Α
598 1301 632 1336 R
663 1299 698 1336 T
725 1298 741 1334 -1
769 1298 803 1335 C
830 1299 868 1335 U
896 1297 928 1333 L
957 1297 995 1333 U
1025 1297 1050 1333 S
1110 1297 1139 1332 Ι.

514 1402 650 1438 Utrum
662 1398 843 1437 beatitudo
861 1397 945 1435 Deo
967 1403 1168 1445 competat.

455 1501 584 1539 Doflor
601 1499 785 1547 edistii-ti.
805 1510 830 1533 ι.
846 1496 958 1546 quaest.
977 1509 1009 1544 ς.
1026 1498 1065 1529 in
1080 1496 1230 1543 Reporf.

527 1552 661 1589 ibidem
674 1549 786 1598 qttaest.
801 1560 832 1594 4.
846 1549 884 1584 S.
903 1546 1020 1583 Thotis.
1042 1557 1158 1594 npiir.

612 1612 668 1649 qu.
685 1600 742 1637 26.
767 1597 920 1634 articulo
934 1598 1075 1644 primo.

602 1728 605 1730 ,
651 1707 816 1733 t-“t‘
853 1695 864 1729 1
887 1693 923 1731 D
943 1693 971 1730 E
986 1694 1019 1731 T
1038 1695 1075 1729 U
1091 1693 1125 1729 R
1141 1693 1321 1730 beatitudo

547 1746 550 1753 '
598 1745 634 1774 ·'
684 1720 824 1792 [ff'ssss'it
868 1744 961 1779 haud
993 1744 1077 1781 Deo
1104 1747 1321 1780 convenire.

519 1791 522 1802 '
575 1788 598 1835 ζ’
627 1816 636 1824 s
675 1794 801 1842 sas*
868 1793 1007 1828 Etenim
1027 1793 1236 1835 beatitudo,
1267 1795 1323 1828 vel

694 1864 714 1880 s
863 1842 984 1878 fruitio
998 1843 1045 1878 est
1063 1842 1216 1888 respeftu
1235 1841 1325 1885 finis,

725 1906 756 1937 ἦ
789 1890 796 1898 ”
813 1920 819 1927 ,.
867 1902 1042 1938 quatenus
1062 1902 1137 1937 quae
1150 1893 1221 1927 sunt
1231 1893 1271 1927 ad
1286 1892 1324 1927 fi-

729 1960 812 1990 “s-²
868 1953 944 1975 nem
973 1942 1131 1976 ordinata
1157 1967 1168 1981 ,
1200 1945 1231 1976 in
1264 1942 1323 1977 illo

769 2015 772 2021 Α
793 2016 819 2037 4
867 1990 1218 2037 conqiiies'cunt‚jam
1235 1993 1324 2038 poti-

812 2030 816 2042 '
868 2049 905 2074 ta
938 2041 1109 2075 bonorum
1154 2042 1325 2084 omnium,

868 2100 935 2136 que
960 2091 991 2123 in
1010 2093 1123 2135 primo
1145 2092 1324 2137 principio,

867 2138 901 2172 &
915 2139 1036 2174 ultimo
1050 2138 1116 2172 fine
1127 2140 1324 2176 cumulatis-

370 2185 450 2221 sime
466 2193 710 2237 reperiuntur:
744 2184 812 2217 Sed
830 2189 975 2223 ultimus
991 2188 1065 2223 finis
1077 2199 1142 2222 non
1156 2187 1203 2223 est
1217 2190 1259 2224 ad
1273 2190 1324 2223 ul-

372 2236 444 2271 lum
460 2236 565 2268 briem
578 2230 784 2276 ordinatus,
812 2238 971 2284 alioquin
986 2239 1132 2273 ultimus
1146 2250 1212 2273 non
1228 2238 1322 2275 esset:

373 2297 461 2330 ergo
475 2282 536 2317 sibi
556 2280 744 2316 beatitudo
758 2309 767 2324 ‚
787 2287 840 2321 vel
859 2287 981 2323 fruitio
998 2299 1062 2322 non
1076 2289 1251 2333 competit
1265 2315 1273 2323 .

424 2334 593 2368 Praeterea
609 2358 619 2372 ,
630 2331 886 2371 Beatitudi'nem
899 2337 1087 2373 necessario
1100 2337 1324 2383 consequitur

374 2383 567 2419 deleetatio
581 2407 591 2422 .,
616 2379 746 2416 adeout
765 2394 829 2428 pro
842 2386 955 2430 gradu
972 2412 982 2426 ,
1012 2386 1044 2420 8(
1062 2386 1272 2432 ρετῗεξὲὶοηε
1291 2385 1326 2421 il-

373 2435 441 2468 lius
453 2460 462 2475 ‚
477 2429 678 2467 intendatur
692 2430 723 2464 8(
739 2430 952 2469 deleffltio:
970 2436 1009 2470 Si
1024 2436 1135 2480 igitur
1149 2436 1229 2471 Deo
1247 2448 1325 2470 con-

375 2485 513 2518 veniret
527 2478 734 2520 beatitudo,
759 2485 935 2527 pariter&
965 2488 996 2520 in
1023 2485 1091 2529 ipso
1106 2487 1324 2520 inveniretur

375 2531 566 2568 delcetatio
579 2557 588 2571 ,
599 2542 662 2575 pro
677 2530 813 2566 ratione
830 2532 1059 2569 beatitudinis
1072 2535 1157 2580 ejus:
1175 2533 1248 2569 Sed
1263 2534 1324 2569 de·

376 2581 519 2617 leftatio
532 2579 577 2615 est
594 2579 738 2626 quedam
754 2580 858 2625 passio
871 2609 881 2622 ,
908 2582 1048 2631 sequens
1077 2582 1176 2618 aftus
1202 2586 1327 2618 imma·

376 2640 498 2667 nentes
512 2657 522 2672 ,
544 2631 573 2664 8(
591 2629 634 2663 ab
653 2627 729 2674 ipsis
747 2629 928 2669 distinam
958 2645 1045 2679 ergo
1065 2632 1145 2668 cum
1173 2636 1326 2678 primum

377 2681 416 2716 fit
434 2691 560 2726 expers
574 2679 687 2713 omnis
704 2679 862 2724 paffionis
877 2707 886 2723 ‚
915 2682 948 2716 8(
965 2681 1230 2727 compositionis
1242 2709 1251 2723 ‚
1271 2694 1325 2717 re-

377 2739 511 2780 pugnat
535 2728 595 2763 fibi
612 2727 675 2763 esse
693 2728 834 2765 beatum
848 2757 858 2772 ,
884 2732 939 2767 seu
958 2731 1183 2768 beatitudinis
1206 2730 1325 2768 aarum

379 2780 506 2816 habere
521 2805 529 2813 .

429 2830 599 2864 Praeterea
617 2855 627 2869 ‚
645 2827 782 2862 Ul·i'ma
796 2855 806 2870 ‚
827 2829 859 2863 8(
873 2829 1001 2865 summa
1018 2828 1182 2877 perfec‘tio
1195 2839 1325 2865 naturae

375 2883 571 2925 operativae
584 2888 648 2912 non
666 2875 777 2922 potest
805 2878 870 2914 esse
894 2878 960 2914 sine
984 2880 1067 2914 reali
1094 2880 1266 2915 relatione
1282 2880 1325 2915 ad

378 2928 559 2976 objefftum
572 2924 848 2973 perfeftiffimum
862 2954 872 2970 ‚
885 2932 977 2964 circa
994 2929 1086 2975 quod
1100 2930 1167 2974 ipsa
1182 2939 1265 2964 nata
1280 2929 1328 2965 est

381 2981 543 3026 operari:
574 2980 683 3022 igitur
698 2974 719 3009 fi
746 2975 825 3011 Deo
850 2976 967 3013 inesset
988 2978 1173 3013 beatitudo
1189 3005 1200 3020 ‚
1216 2978 1327 3014 veluti

382 3029 483 3065 agtus
498 3027 641 3062 ultimus
658 3033 789 3059 naturae
802 3032 992 3072 operativae
1004 3055 1014 3069 ,
1028 3028 1216 3062 referretur
1232 3029 1331 3063 reali-

383 3090 436 3115 ter
452 3077 494 3112 ad
508 3075 683 3123 objeftum
701 3076 792 3108 circa
819 3077 911 3122 quod
938 3077 1073 3119 tendit,
1096 3077 1128 3111 &
1152 3088 1330 3123 operatur:

378 3128 421 3162 Id
438 3137 553 3163 autem
579 3124 718 3158 videtur
734 3135 927 3170 repugnare
956 3126 1084 3161 divina:
1104 3125 1330 3172 simplicitati:

378 3190 467 3223 ergo
485 3186 546 3210 nec
559 3172 617 3207 sibi
634 3177 800 3218 congruit
817 3178 977 3220 operatio
1000 3176 1066 3210 ulla
1082 3203 1092 3217 ,
1108 3186 1184 3222 quae
1197 3175 1235 3211 sit
1251 3177 1328 3212 bea—

378 3223 732 3268 titudo.Ass'umptum
747 3221 956 3259 declaratur:
972 3229 1054 3271 quia
1069 3224 1089 3258 fi
1107 3225 1233 3260 summa
1252 3238 1332 3272 per·-

379 3276 484 3311 fcftio
499 3283 630 3308 naturae
646 3274 802 3307 viventis
815 3300 825 3314 ‚
841 3274 873 3307 8<
885 3277 1067 3319 operantis
1083 3274 1259 3308 diceretur
1273 3276 1332 3309 ali-

378 3324 466 3372 quid
481 3353 492 3366 ‚
516 3334 553 3358 ut
571 3320 617 3356 ad
637 3320 665 3355 se
680 3347 690 3361 ‚
708 3322 777 3365 ipsa
793 3321 972 3358 substantia
988 3327 1035 3357 rei
1048 3323 1115 3357 liae
1132 3324 1266 3359 ratione
1280 3322 1332 3358 fo-

382 3385 439 3409 ret
458 3375 587 3408 summa
606 3370 777 3417 perfetstio
794 3398 803 3414 ‚
824 3383 903 3406 cum
918 3371 955 3407 sit
972 3374 1030 3407 sua
1044 3375 1248 3417 operatione
1263 3384 1337 3418 per-

384 3423 529 3458 i'efitior:
553 3428 697 3466 oportet
722 3432 807 3466 ergo
830 3422 1021 3466 intelligere
1045 3422 1240 3456 ultimaram
1260 3433 1336 3468 per-

386 3472 571 3507 feetionem
592 3478 725 3503 naturae
737 3475 931 3514 operativae
948 3471 1070 3505 referri
1086 3471 1128 3505 ad
1140 3470 1337 3515 objcfturn,

387 3526 419 3557 in
434 3521 528 3567 quod
545 3518 731 3558 tenditmer
747 3517 876 3553 realem
893 3520 1120 3555 relationem.

437 3570 611 3604 CONTRA
667 3565 819 3602 Primum
838 3572 1046 3616 principium
1074 3568 1121 3603 es‘r
1135 3568 1339 3615 perteFturn,

390 3620 423 3654 ἃ
440 3620 613 3664 piusquam
630 3616 822 3661 perfeetum
838 3642 849 3658 ‚
875 3629 918 3652 ex
937 3617 1047 3664 quast.
1063 3628 1176 3662 4.ar‚t.
1199 3628 1223 3651 1.
1250 3630 1338 3664 ergo

394 3674 422 3704 ei
441 3669 519 3701 niiiil
536 3664 630 3700 deest
645 3676 779 3707 eorum,
793 3676 859 3712 que
876 3667 946 3700 sunt
961 3667 1180 3712 peififtionis
1202 3668 1232 3700 in
1246 3678 1338 3703 crea-

394 3719 481 3751 turi:
494 3742 502 3749 .
529 3715 621 3750 Cum
641 3718 728 3747 enim
749 3714 854 3760 ipsum
872 3713 910 3750 fit
924 3717 1023 3750 ciiufa
1039 3721 1147 3751 totius
1171 3718 1258 3762 este,
1280 3729 1341 3751 ne-

393 3763 536 3800 cessario
550 3763 595 3798 ci‘t
611 3768 641 3796 in
659 3763 728 3807 ipso
743 3774 947 3810 preaccepta
962 3764 1128 3810 perfetftio
1149 3768 1263 3801 omnis
1277 3794 1287 3809 ‚
1309 3767 1342 3802 8(

394 3813 562 3849 nobilitas
575 3838 585 3855 ,
600 3823 665 3859 que
683 3813 714 3847 in
731 3812 868 3849 entibus
879 3817 1050 3859 reperitur
1067 3840 1079 3856 ‚
1106 3824 1144 3850 iit
1167 3818 1214 3850 ait
1232 3815 1342 3851 Com-

1395 1307 1570 1335 mentator
1582 1299 1613 1335 su
1621 1308 1682 1344 per
1697 1307 1772 1334 tex.
1785 1307 1846 1333 22.
1860 1307 1888 1344 ς.
1906 1295 2088 1342 Metaphy.
2103 1290 2213 1338 Atqui
2230 1290 2347 1328 beati·

1395 1347 1484 1385 tudo
1498 1346 1544 1384 est
1561 1348 1679 1384 ultima
1694 1374 1704 1389 ‚
1719 1347 1751 1383 8(
1764 1345 1967 1384 nobilissima
1982 1341 2151 1388 perfeetio
2163 1368 2174 1384 ‚
2189 1352 2265 1387 quae
2278 1338 2344 1376 esse

1399 1397 1499 1444 possit
1514 1400 1545 1433 in
1560 1401 1732 1433 creaturis
1748 1395 2044 1433 intellectualibus
2062 1405 2072 1435 ;
2097 1403 2186 1437 ergo
2199 1387 2346 1425 necessa·

1397 1453 1452 1483 rio
1468 1453 1536 1484 erit
1551 1447 1622 1483 haec
1637 1446 1804 1493 pei-setho
1818 1451 1850 1483 in
1866 1451 1979 1495 primo
1991 1444 2162 1492 principio
2176 1467 2186 1482 ,
2209 1442 2341 1486 quippe

1395 1498 1490 1544 quod
1510 1499 1601 1533 vivit
1615 1501 1687 1532 vita
1702 1497 1925 1534 inteileetuali
1941 1494 1994 1540 ‚&
2008 1488 2251 1540 nerfefflffinia
2262 1515 2273 1524 .

1450 1546 1683 1583 Respouoeo
1698 1547 1881 1582 dicendum
1897 1542 2174 1585 ,beatitudinem
2189 1537 2343 1573 maxime

1397 1597 1481 1633 Deo
1506 1606 1702 1640 competere
1727 1623 1738 1638 ,
1766 1596 1800 1631 8<
1822 1597 1963 1643 quidem
1990 1595 2022 1628 in
2049 1605 2091 1628 eo
2118 1586 2346 1636 perfe5ti0ni8

1399 1645 1511 1692 gradu
1525 1674 1535 1688 ‚
1551 1646 1735 1681 secundum
1750 1658 1853 1692 quem
1869 1646 1960 1681 nulla
1980 1643 2046 1678 alia
2063 1647 2188 1678 natura
2202 1636 2271 1691 esse
2282 1646 2346 1680 po·

1398 1694 1464 1731 test
1496 1695 1635 1740 perinde
1677 1695 1779 1731 beata
1803 1722 1812 1730 .
1839 1694 2075 1732 Declaratio;
2097 1691 2212 1737 Juxta
2237 1683 2346 1744 ditstaj

1400 1744 1512 1791 wast·
1532 1747 1582 1781 ¹8-
1595 1755 1664 1780 arf·
1686 1757 1713 1789 ξ.
1734 1745 1817 1782 Deo
1834 1743 1915 1781 inest
1934 1749 2007 1779 vita
2022 1742 2159 1788 optima
2172 1764 2183 1780 ‚
2199 1735 2232 1770 8(
2249 1735 2347 1770 nobi-

1401 1795 1543 1831 lissima:
1562 1798 1633 1831 imo
1650 1793 1752 1840 ipsius
1765 1793 1898 1831 essentia
1914 1794 1960 1830 est
1972 1797 2046 1830 vita
2065 1817 2076 1832 ‚
2095 1790 2128 1826 8(
2146 1786 2286 1835 quidem
2300 1789 2348 1821 in-

1402 1844 1580 1881 tellefftiva
1598 1855 1606 1877 :
1624 1844 1656 1880 8(
1669 1848 1750 1892 quia
1771 1856 1789 1879 a
1810 1844 1840 1880 se
1857 1872 1867 1887 ‚
1879 1843 1912 1878 8(
1929 1855 1974 1879 ex
1987 1844 2016 1880 se
2033 1838 2081 1878 est
2093 1842 2140 1876 ita
2156 1832 2346 1875 vivens‚est

1404 1895 1504 1929 causa
1518 1921 1527 1936 ‚
1551 1895 1654 1941 origo
1671 1922 1680 1936 ‚
1698 1894 1728 1928 8(
1742 1895 1817 1929 fons
1833 1897 1988 1928 omnium
2006 1897 2159 1929 vitarum
2178 1915 2189 1931 ‚
2213 1887 2246 1921 &
2267 1895 2349 1932 gra-

1404 1945 1512 1979 dnum
1530 1947 1726 1980 viventium
1741 1973 1749 1980 .
1771 1944 1863 1979 Ctim
1879 1946 1992 1981 igitur
2006 1945 2109 1978 vivat
2127 1941 2200 1975 vita
2216 1934 2347 1971 intelle-⁴

1406 1993 1584 2036 &timuerit
1602 1994 1812 2039 intelligens,
1829 1992 1862 2028 8(
1876 1993 2009 2028 volens:
2025 1993 2105 2039 quia
2122 2000 2208 2024 vero
2226 1994 2350 2022 earum

1404 2046 1645 2091 potentiarum
1660 2045 1716 2078 vis
1731 2043 1779 2079 est
1793 2042 1970 2085 infinita‚in
1985 2053 2028 2076 eo
2039 2050 2178 2076 tantum
2195 2032 2349 2082 objeffl),

1403 2092 1508 2139 cujus
1523 2092 1718 2136 veritas‚&
1733 2094 1870 2128 bonitas
1886 2092 1959 2127 f'unt
1974 2095 2106 2137 pariter
2125 2084 2347 2133 perfestionis
2388 2130 2391 2133 V

1406 2142 1565 2184 infinitae,
1590 2143 1841 2189 conquiescunt
1863 2143 2045 2183 ulimate,
2063 2139 2147 2174 nihil
2174 2135 2265 2173 aliud
2290 2144 2349 2169 ex-

1405 2202 1460 2228 tra
1476 2202 1667 2239 quaerentes
1679 2220 1688 2232 ,
1702 2191 1796 2238 quod
1811 2191 1942 2233 faciat,
1966 2191 1998 2225 &
2015 2188 2193 2225 conducat
2207 2212 2218 2228 ‚
2232 2185 2286 2220 seu
2303 2184 2352 2218 in-

1406 2241 1534 2278 serviat
1559 2241 1730 2289 explendo
1754 2240 1947 2283 desiderio,
1972 2240 2027 2275 vel
2043 2240 2169 2277 virtuti
2187 2234 2352 2281 ipsarum,

1408 2291 1601 2327 volentium
1631 2288 1927 2336 comprehendere
1949 2289 2131 2336 objetfftum
2162 2285 2354 2321 infinitum.

1410 2341 1597 2388 Qoniam
1611 2352 1696 2387 ergo
1711 2344 1801 2375 inter
1821 2351 1881 2375 eas
1897 2343 2100 2386 potentias,
2126 2337 2158 2372 8(
2176 2334 2353 2372 essentiam

1407 2390 1567 2425 divinam
1582 2388 1630 2424 est
1647 2388 1860 2426 exaetiffima
1884 2388 2174 2424 commensuratio
2186 2413 2196 2428 ‚
2225 2384 2354 2419 adeout

1408 2451 1472 2475 nec
1485 2437 1661 2486 objeftum
1677 2443 1853 2487 potentias
1867 2464 1877 2479 ‚
1900 2451 1964 2473 nec
1991 2438 2041 2473 hee
2060 2436 2232 2471 infinitam
2246 2432 2355 2470 essen-

1408 2491 1494 2525 tiam
1511 2489 1695 2529 excedant,
1709 2489 1774 2533 ipsa
1791 2487 1927 2524 essentia
1945 2488 1988 2522 ab
2001 2485 2174 2522 intellet'stu
2191 2494 2356 2530 compre·

1410 2537 1580 2573 henditiir
1591 2550 1650 2583 per
1665 2537 1835 2573 visionem
1848 2565 1857 2580 ,
1881 2548 1957 2583 quae
1971 2536 2020 2572 est
2036 2537 2179 2582 propria
2191 2536 2357 2579 operatio

1412 2585 1611 2623 intelieehis
1625 2587 1721 2635 ejus:
1749 2586 1781 2621 8(
1801 2589 1933 2633 pariter
1959 2585 1978 2620 a
1995 2585 2175 2621 voluntate
2189 2593 2251 2628 per
2264 2593 2360 2618 amo·

1415 2648 1490 2671 rem
1506 2635 1633 2672 infinite
1652 2645 1809 2671 amatur:
1828 2638 1938 2680 igitur
1954 2634 2055 2671 Deus
2069 2633 2116 2669 est
2132 2631 2263 2668 infinite
2278 2631 2359 2667 bea-

1411 2695 1469 2721 tus
1488 2684 1666 2728 videndo,
1691 2685 1724 2720 &
1749 2683 1898 2720 amando
1925 2684 2091 2730 seipsum:
2115 2683 2246 2718 nullum
2268 2685 2361 2717 enim

1413 2733 1511 2770 aliud
1538 2734 1720 2782 objefftum
1748 2733 1858 2781 potest
1887 2743 2048 2769 naturam
2084 2730 2360 2767 intelleetualem

1413 2782 1613 2820 beatificare
1626 2811 1636 2826 ‚
1666 2783 1709 2818 sic
1723 2792 1761 2818 ut
1782 2784 1883 2819 vivat
1896 2779 2216 2831 vitajucundissima
2229 2807 2239 2822 ‚
2254 2792 2362 2825 agens

1414 2845 1527 2869 aevum
1541 2837 1749 2869 continuum
1763 2859 1774 2874 ‚
1791 2833 1823 2877 8(
1840 2844 2004 2868 aeternum
2025 2835 2056 2865 in
2075 2832 2174 2879 plena
2192 2828 2362 2876 possessio·

1413 2895 1455 2919 ne
1473 2887 1629 2918 omnium
1646 2911 1656 2924 ‚
1676 2893 1752 2930 quae
1766 2880 1954 2918 desiderari
1974 2879 2136 2928 possunt:
2162 2879 2256 2915 Cum
2273 2890 2361 2926 ergo

1414 2933 1555 2968 divinus
1572 2931 1768 2967 intelleaftus
1781 2957 1792 2973 ‚
1817 2930 1851 2965 &
1866 2930 2029 2966 voluntas
2045 2929 2151 2965 sintin
2165 2927 2365 2977 plenissima,

1415 2982 1448 3017 8(
1461 2981 1664 3017 omnimoda
1678 2979 1875 3027 possessione
1891 2980 2066 3015 bonorum
2077 3007 2088 3022 ‚
2101 2979 2134 3014 8<
2152 2978 2366 3014 infinitarum

1419 3032 1654 3072 divitiarum,
1680 3040 1756 3075 quae
1780 3041 1840 3076 per
1867 3028 2161 3065 eminentissimam
2186 3033 2364 3063 continen-

1417 3086 1506 3115 tiam
1521 3080 1655 3115 unitivt':
1671 3078 1788 3114 suntin
1808 3082 1911 3113 unico
1924 3081 1989 3126 esse
2014 3078 2169 3121 infinito,
2195 3077 2239 3113 ab
2267 3074 2365 3112 utris·

1415 3141 1483 3175 que
1505 3133 1535 3163 in
1553 3128 1610 3163 suo
1627 3128 1747 3163 ordine
1764 3127 2034 3174 comprehensa:
2053 3127 2198 3164 evidens
2215 3125 2263 3161 est
2284 3126 2366 3162 Deo

1419 3177 1526 3214 inesse
1542 3178 1796 3213 beatitudinem
1816 3177 2023 3213 ineffabilem
2037 3204 2047 3219 ‚
2068 3188 2175 3224 atque
2188 3175 2371 3216 infinitam,

1423 3227 1551 3274 utpote
1577 3230 1609 3260 in
1642 3227 1671 3261 se
1700 3226 1772 3273 ipsb
1797 3226 1930 3262 infinito
1954 3225 2094 3273 objefto
2116 3224 2369 3274 conquiescens,

1420 3276 1550 3312 mediis
1565 3276 1832 3321 operationibus
1849 3275 1967 3312 itidem
1985 3275 2128 3312 infinitis
2141 3302 2150 3311 .

1468 3323 1578 3374 Quod
1595 3337 1684 3360 vero
1699 3326 1766 3372 ipse
1785 3326 1874 3360 solus
1890 3324 1955 3362 esse
1967 3335 2076 3373 queat
2089 3330 2137 3361 ita
2160 3325 2288 3362 beatus
2301 3350 2311 3365 ‚
2332 3321 2366 3356 id

1411 3373 1481 3417 est,
1504 3373 1726 3409 essentialiter
1745 3375 1932 3411 beatitudo
1953 3400 1964 3416 ‚
1989 3379 2073 3422 quia
2103 3370 2364 3421 comprehensio

1410 3423 1611 3469 suiipsius,
1639 3434 1699 3468 per
1714 3423 1877 3459 visionem
1893 3422 2139 3470 infinitumesj'e
2166 3420 2365 3470 pervaden-

1412 3485 1482 3509 tem
1497 3498 1508 3514 ‚
1542 3472 1574 3507 8(
1587 3472 2097 3520 dilthionemjucundissimam
2113 3501 2123 3517 ,
2139 3471 2302 3517 exemplo
2319 3481 2365 3505 ex

1412 3523 1533 3557 obviis
1549 3519 1761 3557 seniibilibus
1786 3533 1935 3568 accepto
1962 3524 2177 3559 declaratur:
2205 3521 2364 3556 Ultimus

1414 3576 1589 3607 terminus
1602 3596 1612 3612 ‚
1638 3574 1668 3605 in
1683 3583 1754 3617 quo
1779 3577 1903 3617 gravia
1921 3583 2073 3618 quaequae
2095 3570 2271 3618 quiescunt
2284 3595 2294 3611 ‚
2314 3568 2364 3605 est

1415 3622 1522 3668 ipsum
1539 3619 1657 3655 mundi
1678 3630 1856 3656 centrum:
1881 3620 1923 3656 Ei
1938 3630 2058 3656 autem
2074 3629 2195 3655 centro
2222 3618 2363 3666 aliquod

1412 3682 1546 3717 corpus
1559 3681 1670 3715 grave
1682 3682 1743 3715 per
1757 3670 1787 3706 se
1803 3699 1813 3714 ‚
1839 3671 1871 3705 8(
1888 3674 2002 3717 primo
2016 3668 2194 3704 adliaerens
2211 3695 2221 3710 ‚
2245 3680 2306 3714 per
2322 3668 2363 3710 ie,

1412 3720 1444 3755 8(
1462 3723 1576 3766 primo
1591 3723 1621 3753 in
1635 3730 1678 3753 eo
1696 3720 1920 3767 conquiescit:
1937 3730 2045 3765 eaque
2062 3717 2109 3753 est
2124 3727 2222 3754 terrae
2240 3718 2363 3760 moles,

1411 3780 1477 3816 que
1490 3781 1555 3803 non
1571 3771 1707 3804 virtute
1725 3769 1869 3805 alterius
1894 3777 2017 3814 nature
2030 3778 2197 3815 corporee
2209 3794 2219 3810 ,
2246 3766 2264 3803 ii
2292 3778 2361 3813 qua

1410 3819 1600 3866 participet
1615 3820 1858 3865 gravitatem,
1886 3817 1935 3853 ibi
1964 3816 2062 3852 firma
2077 3843 2087 3860 ,
2108 3817 2140 3853 8(
2163 3815 2360 3853 inconcussa

2234 3878 2314 3915 per·

2436 2455 2463 2483 3.
2479 2443 2541 2475 dist·
2557 2452 2603 2480 1⁴·

2396 2484 2491 2522 quaest.
2523 2494 2552 2514 ιι
2574 2484 2602 2511 δι

2395 2524 2459 2554 dist.
2469 2531 2518 2558 3¹¹⁸

2433 2633 2479 2662 De
2510 2638 2602 2661 rerum

2397 2671 2532 2714 principio
2545 2679 2602 2707 qq.

2396 2723 2425 2742 a·
2444 2714 2490 2740 16·

2458 3342 2504 3371 De
2516 3338 2601 3379 prima

2404 3380 2538 3418 principio
2546 3384 2601 3414 capi

2405 3426 2432 3454 3·
2445 3426 2491 3452 rid
2498 3422 2527 3447 6.
