2583 4109
935 107 1153 177 (xm.)

40 249 201 296 tempora
217 237 337 278 malta
351 265 362 286 ‚
389 236 516 275 donec
529 231 563 274 ei
586 243 660 286 pro
675 228 922 284 temporariis
938 226 1135 269 laboribus
1153 256 1164 276 ‚
1189 227 1296 266 Deus
1323 235 1510 269 aeternam
1544 226 1722 281 requiem
1752 225 1898 268 offerre
1916 254 1929 276 ‚
1955 241 1998 269 ac
2020 225 2043 269 ὲ

39 300 150 340 terris
170 309 345 351 raptum,
370 296 408 334 in
433 294 579 333 coelum
595 295 612 341 <
628 301 668 330 ut
693 290 753 344 pie
781 288 976 329 credimus
991 289 1192 336 >evehere
1211 286 1392 339 dignatus
1407 286 1460 326 est
1487 314 1498 323 .
1523 287 1658 338 Itaque
1679 287 1798 327 Anno
1821 292 1943 339 1308.
1974 287 2043 327 VI.

39 359 128 400 Idus
145 353 387 397 Novembris
401 382 413 401 ‚
438 350 513 405 ipsa
529 351 709 390 omnium
724 349 957 388 Sanctorum
985 347 1122 386 octava
1135 345 1219 393 die,
1242 344 1291 384 ad
1321 344 1557 384 Sanctorum
1587 346 1767 385 omnium
1784 346 2041 388 communio-

39 430 130 462 nem
155 424 333 455 evocatus
360 412 411 452 est
439 440 449 450 .
475 413 529 450 lta
546 405 769 461 conspirant
799 420 934 447 omnes
963 406 1002 445 in
1033 407 1138 444 hunc
1155 416 1302 444 annum
1315 431 1328 452 ‚
1356 400 1511 443 &diem
1528 430 1538 448 ‚
1566 403 1666 442 ultra
1695 403 1852 444 tabellas
1866 404 2042 458 sepulcro

16 504 18 511 .
39 473 240 529 appensam
271 481 313 510 ut
326 471 472 510 mirum
486 467 530 508 fit
555 468 763 520 quomodo
789 464 888 506 solus
910 464 1160 506 Abrahamus
1188 461 1358 503 Bzovius
1372 461 1433 516 (c)
1467 457 1934 518 Wmisfbstinatofhnere
1960 477 2043 504 eum

16 552 21 591 ξ
31 532 203 593 ftpulcro
225 529 344 570 adhuc
373 529 558 569 viventem
582 527 755 573 illatam,
778 525 820 565 in
835 537 944 580 eoque
969 518 1102 578 miser?
1132 519 1243 561 nimis
1244 516 1474 578 fhffocatum
1498 521 1621 562 Anno
1650 535 1767 573 1²94·
1785 520 2004 575 scriptitarit
2031 551 2041 562 .

16 599 22 638 l
41 594 191 636 Mirum
220 590 336 628 etiam
362 599 482 641 quam
512 586 619 627 varie
633 615 643 635 ‚
674 588 713 625 &
741 585 1005 625 inconstanter
1030 581 1078 620 de
1089 580 1169 632 ejus
1196 591 1329 620 morte
1344 577 1515 620 scribant
1532 580 1728 620 Authores
1744 607 1756 627 ‚
1784 594 1866 620 non
1893 581 2003 620 aliter
2031 609 2043 630 ,

18 672 21 691 ε
38 664 157 705 quam
173 648 219 687 de
233 648 479 702 Pythagora,
506 646 545 685 ἃ
561 643 825 697 Empedocle,
849 643 912 694 (d)
928 638 1155 696 gravissimis
1183 637 1449 692 Philoffiphis‚
1473 635 1706 691 scripserunt
1716 638 1776 678 alii
1790 667 1801 688 ,
1830 652 2043 690 quorum-J

16 728 21 751 .·
38 723 147 757 mors
173 719 248 748 una
272 706 534 759 multipliciter
565 703 734 744 refertur
757 735 766 744 .
792 703 836 743 Id
864 712 993 742 autem
1021 698 1290 740 communiter
1303 698 1407 740 circa
1432 698 1612 738 homines
1636 696 1959 750 praestantissimos
1985 696 2042 746 fit,

16 770 126 823 Jquia
141 770 285 807 horum
299 764 400 806 fama
413 790 425 814 ,
447 765 499 804 uti
516 763 642 817 major
655 791 666 811 ,
693 764 743 803 ita
759 762 952 802 multoties
968 756 1159 800 incertior
1182 770 1191 797 ε
1214 759 1254 799 &
1266 769 1440 811 quorum
1455 769 1536 797 non
1549 755 1706 797 interest
1719 757 1852 810 gloriae
1864 770 2004 797 eorum
2034 785 2045 806 ,

13 864 18 871 .
37 829 202 869 aliorum
233 836 412 865 rumores
440 822 552 864 facile
578 823 776 876 excipiunt
793 850 804 870 ,
833 834 915 861 not-1
941 832 1078 861 veram
1102 811 1191 858 fasti
1221 818 1416 858 rationem
1443 815 1691 869 conquirunt
1720 846 1730 855 .
1753 817 1915 857 Scotum
1945 817 2045 857 vero

17 883 285 944 ‘praepropera
319 892 448 924 morte
479 892 634 936 raptum
665 883 901 922 recentiores
915 877 1087 921 scribunt
1102 878 1324 927 Authores‚
1351 876 1552 931 apoplexia
1570 885 1800 928 correptum
1826 889 1834 914 :
1865 874 1928 916 sed
1957 875 1994 914 id
2023 876 2045 916 a

16 944 180 1002 xjaeobo
194 944 372 997 Philippo
385 939 641 996 Bergomenfi
655 939 863 982 exordium
891 939 1021 990 caepit3
1047 938 1086 976 &
1102 934 1151 976 ab
1163 936 1242 984 ejus
1255 945 1362 977 aetate
1379 936 1478 976 vires
1491 932 1690 989 acquisivit
1700 934 1833 975 eundo
1855 965 1864 974 .
1888 934 2046 975 Etenim

15 998 127 1046 {ante
140 1004 362 1043 Authorem
378 1001 488 1042 istum
502 1030 514 1050 ‚
538 1001 688 1040 nullum
707 994 870 1041 invenio
888 1028 898 1048 ,
921 999 988 1051 qui
1016 995 1228 1050 apoplexiae
1243 994 1350 1049 hujus
1367 996 1475 1036 modi
1491 994 1717 1036 meminerit
1741 1024 1752 1034 .
1778 994 1924 1036 Cooevi
1940 995 2049 1034 Har-

15 1079 21 1102 ε’
36 1073 218 1106 tmannus
233 1061 395 1103 Schedel
409 1055 770 1114 Nuremburgenfis
784 1088 794 1108 ‚
819 1061 857 1100 ὃς
869 1056 1076 1100 Sabellicus
1090 1055 1207 1110 primi
1234 1068 1282 1095 ex
1295 1067 1344 1095 eo
1357 1067 1538 1096 errorem
1568 1052 1777 1095 hauserunt
1789 1083 1799 1102 ‚
1825 1054 1847 1094 ὲ
1864 1067 1948 1106 quo
1964 1066 2048 1092 ma·

15 1141 19 1161 z
37 1136 157 1180 gnam
170 1131 321 1176 partem
333 1119 403 1161 suae
414 1119 580 1160 historiae
593 1122 754 1159 mutuati
768 1117 854 1160 sunt
875 1150 884 1159 .
912 1120 970 1160 De
987 1114 1177 1156 sabellico
1194 1115 1243 1154 ita
1259 1112 1400 1167 largius
1415 1115 1506 1153 alias
1535 1112 1698 1167 p2·0b1vi
1713 1118 1776 1163 [e]
1789 1114 1837 1154 de
1866 1114 2047 1153 Nurem-

38 1179 218 1236 bergensi
232 1210 244 1231 ,
267 1179 473 1221 Trithemii
486 1177 643 1219 subjicio
655 1179 918 1222 testimonium
945 1191 953 1217 :
978 1173 1247 1217 Hartmannus
1262 1172 1416 1214 schedel
1431 1170 1781 1228 Wrremhurgensis
1795 1171 1881 1220 &a
1900 1168 2049 1227 Striostt

17 1260 21 1279 ι.
38 1239 141 1284 inter
153 1237 232 1281 alia
247 1238 392 1294 ingenii
393 1234 465 1294 sbi
478 1234 648 1295 opastula
662 1252 706 1278 ex
726 1231 869 1293 ‘'Jacobo
885 1231 1127 1290 Bergomenst
1134 1262 1145 1284 ν
1170 1229 1227 1279 &¹
1239 1233 1326 1274 aliis
1339 1231 1663 1288 H'fforicgraphls
1677 1260 1688 1280 ,
1717 1232 1852 1272 addens
1865 1231 2048 1272 nonnulla

36 1300 196 1342 maxime
209 1299 252 1344 de
264 1297 375 1340 rebus
393 1296 676 1339 Hermanorum
691 1326 701 1346 ,
727 1308 812 1355 opus
819 1297 969 1353 grande
983 1325 993 1345 ‚
1021 1291 1158 1348 insigne
1171 1320 1182 1340 ‚
1213 1293 1484 1348 qoodconfinet
1496 1289 1670 1345 historias
1698 1299 1903 1348 temporum
1929 1320 1939 1331 .
1972 1287 2048 1333 Vi·

37 1360 95 1403 vit
109 1355 224 1416 usque
233 1357 339 1414 hodie
353 1356 456 1414 apud
470 1353 784 1411 Nrcmbmgam
797 1388 826 1413 ,Δ
850 1356 900 1399 ‚ub
916 1354 1197 1397 Maximillam
1213 1352 1318 1407 Rege
1335 1351 1448 1393 Anno
1462 1352 1573 1392 Dom.
1597 1366 1717 1403 ¹494·

51 1473 57 1475 „
95 1417 287 1460 XXXIV.
318 1417 507 1457 Attamen
521 1416 760 1456 Trithemius
774 1417 846 1474 (f)
862 1424 986 1469 quant
998 1414 1112 1456 imvis
1129 1411 1231 1465 apud
1246 1415 1317 1453 hos
1330 1441 1342 1462 ,
1371 1425 1421 1452 eo
1429 1423 1597 1464 rumque
1627 1411 1770 1451 ducem
1796 1410 2049 1464 Bergomen-

33 1477 114 1522 {em
129 1477 244 1528 ‚illud
257 1476 394 1517 mortis
409 1487 531 1529 genus
546 1475 708 1528 legerit,
719 1485 908 1530 tanquam
925 1472 1243 1516 commentitium
1263 1472 1459 1526 neglexit:
1475 1471 1589 1513 novit
1599 1470 1706 1510 enim
1722 1480 1925 1521 tamquam
1941 1469 2046 1509 Scri-

35 1547 128 1594 ptor
141 1536 371 1577 domesticus
385 1563 398 1584 ‚
410 1536 450 1575 δι
464 1536 552 1574 loco
565 1535 730 1575 vicinior
742 1565 752 1584 ,
766 1536 902 1578 leviter
916 1535 1029 1575 nimis
1041 1533 1294 1574 adinventam
1307 1534 1410 1573 hanc
1419 1529 1664 1585 apoplexiam
1681 1558 1691 1578 ,
1703 1542 1825 1582 quam
1839 1538 1929 1568 ante
1943 1529 2048 1568 hunc

37 1610 188 1639 novum
199 1594 427 1636 assertorem
443 1594 566 1634 nullus
584 1595 762 1636 retulerit
777 1624 787 1644 ‚
816 1608 942 1648 neque
957 1593 1118 1646 aliquod
1128 1591 1360 1633 Germania:
1373 1619 1384 1640 ,
1400 1591 1581 1632 maximae
1593 1587 1773 1630 Coloniae
1788 1617 1798 1637 ‚
1831 1587 1897 1629 ubi
1910 1587 2047 1628 Scotus

31 1654 202 1711 jacebat,
217 1663 521 1696 monumentum
541 1653 743 1694 indicarit.
761 1653 918 1706 Absque
933 1654 1013 1694 ullo
1029 1653 1158 1704 itaque
1171 1648 1393 1690 discrimine
1409 1650 1432 1691 ὲ
1445 1648 1651 1690 communi
1666 1646 1775 1688 obitu
1789 1647 1959 1687 aliorum
1973 1674 1983 1694 ,
1998 1650 2050 1685 ita

35 1714 188 1757 scribit:
206 1714 358 1767 joanne
371 1715 480 1753 Duns
496 1713 571 1752 &c.
587 1713 750 1753 moritur
779 1713 1005 1769 temporibus
1026 1709 1186 1752 Albe-ru·
1201 1708 1439 1765 breperatoris
1469 1709 1584 1751 Anno
1605 1724 1618 1750 1
1631 1713 1725 1759 308.
1746 1705 1821 1749 [Vt
1841 1706 1925 1748 Idas
1957 1702 2051 1746 {No-

35 1773 199 1816 vembris
211 1802 223 1823 ‚
245 1772 389 1827 Olonif
402 1771 504 1828 apud
513 1771 694 1812 Minores
702 1767 869 1830 [ἑρκίτας
885 1772 1018 1813 .1dem
1033 1771 1148 1811 etiam
1162 1770 1199 1810 in
1216 1769 1424 1810 Chronico
1440 1769 1492 1809 Hi
1500 1766 1738 1823 rtsaugiensi:
1758 1765 1796 1806 A
1802 1779 1870 1806 ’mo
1886 1795 1895 1813 ,
1909 1764 2050 1817 inquit,

31 1841 234 1892 praenotato
250 1831 410 1882 ,scilicet
426 1859 437 1880 ‚
459 1844 471 1870 1
484 1836 579 1882 308.
598 1832 666 1870 Vl.
682 1831 768 1872 ldus
786 1830 1032 1873 Novembris
1046 1859 1057 1879 ‚
1073 1829 1168 1871 obiit
1178 1827 1221 1868 in
1238 1827 1492 1880 afom'ajoan
1500 1841 1564 1868 nes
1579 1830 1715 1869 Scotus
1732 1854 1743 1873 ‚
1761 1823 1905 1866 Dofflor
1922 1823 2051 1865 svbii-

34 1893 85 1935 lis
95 1922 107 1943 ,
121 1891 277 1934 Ordinis
288 1890 499 1931 Minorum
510 1919 521 1939 ‚
532 1889 670 1930 ibidem
687 1891 728 1930 in
736 1887 801 1943 fico
821 1892 1011 1932 Conventa
1023 1919 1033 1938 ‚
1062 1890 1115 1930 ad
1123 1887 1325 1929 introitum
1325 1884 1504 1943 stzcrzstif
1503 1883 1676 1942 ftpultus
1688 1914 1698 1933 ,
1723 1885 1791 1940 qui
1801 1893 1946 1940 quanta
1947 1880 2054 1939 sbri-

31 1951 152 2011 pftrit
164 1981 175 2001 ,
188 1964 300 2008 quam
301 1947 470 2007 st'thtilia
484 1978 494 1997 ,
524 1948 577 1990 ὃ
585 1949 776 2006 prosimu&
793 1951 834 1991 in
855 1949 1052 2004 weologia
1062 1946 1253 2004 receptiva
1265 1975 1275 1995 ,
1290 1960 1410 1987 omnes
1430 1938 1601 2000 'Theolcgi
1616 1953 1801 1986 noverunt
1814 1972 1825 1992 ,
1857 1941 1912 1990 ὠ·
1927 1956 1989 1983 nos
2003 1941 2048 1982 ita

35 2012 136 2055 libro
148 2008 266 2069 nostro
280 2010 324 2051 de
338 2006 597 2066 Ecclcfiastlcis
600 2006 854 2067 scriptoribus
872 2009 1130 2051 adnotavimus
1140 2039 1150 2049 .
1168 2005 1364 2049 Omififfet
1375 2035 1386 2054 ,
1399 2005 1540 2046 scilicet
1551 2034 1562 2052 ,
1577 2033 1587 2053 ‚
1605 2003 1846 2045 Trithemius
1859 2031 1871 2051 ,
1893 2001 1920 2042 fi
1934 2000 2051 2054 quid-

36 2072 142 2129 piam
156 2071 212 2111 rei
227 2070 398 2112 novitate
410 2069 512 2110 circa
522 2068 625 2109 Scoti
643 2078 814 2110 mortem
832 2069 1051 2110 notandum
1064 2065 1308 2114 occurrisset,
1324 2065 1394 2118 qui
1406 2074 1487 2106 tam
1501 2062 1674 2105 diffinit&
1684 2076 1848 2110 annum,
1862 2061 2054 2109 mensem,

41 2131 148 2173 diem
160 2159 172 2180 ‚
185 2128 419 2185 sepulturam
433 2157 444 2178 ,
458 2129 497 2169 ὅ(
509 2125 709 2180 sepulturae
726 2130 857 2171 locum
870 2127 1065 2181 adscripsit
1082 2131 1099 2169 ἓ
1125 2127 1188 2167 Ad
1203 2125 1373 2166 eundem
1390 2124 1555 2164 modum
1584 2122 1821 2165 Chronicon
1835 2122 1951 2161 etiam
1970 2121 2054 2161 Co-

0 2220 1 2245 3
42 2189 214 2245 lenit-nst:
229 2219 240 2240 ‚
250 2189 392 2230 eodem
404 2201 489 2228 aevo
501 2215 513 2238 ,
523 2187 663 2229 scilicet
680 2203 695 2230 1
705 2204 801 2243 499.
812 2186 1036 2244 impressum
1051 2215 1062 2237 ,
1077 2196 1253 2229 mortem
1266 2184 1374 2227 Scoti
1392 2181 1540 2234 refert,
1563 2184 1603 2225 δι
1613 2181 1719 2225 aliud
1730 2180 1809 2233 ejus
1822 2179 2057 2237 sepulcrum,

41 2263 124 2308 qno
137 2250 340 2290 translatus
350 2248 402 2290 est
415 2250 452 2289 in
468 2249 622 2290 Corum
642 2279 651 2290 .

101 2310 274 2351 XXXV.
306 2306 606 2363 Improbabilius
620 2307 757 2359 valde,
784 2310 895 2364 quod
919 2311 980 2351 alii
1012 2305 1366 2350 comminiscuntur
1388 2303 1578 2346 nimirum
1593 2300 1771 2344 festinato
1789 2299 1902 2341 nimis
1915 2296 2055 2340 funere

0 2411 1 2416 ,
40 2383 117 2426 pro
129 2378 290 2410 mortuo
300 2368 552 2411 tumulatum.
573 2368 824 2421 figmentum
837 2373 915 2411 hoc
927 2369 1083 2411 abunde
1097 2367 1239 2408 refellit
1249 2366 1431 2408 solemnis
1445 2392 1456 2413 ‚
1487 2364 1527 2405 &
1544 2361 1741 2417 religiosus
1758 2360 1851 2401 ritus
1865 2360 2057 2401 Conven-

16 2443 18 2447 ’
41 2440 101 2470 tus
113 2426 357 2470 Colonienfis
370 2456 383 2477 ,
396 2426 445 2467 ab
460 2426 543 2481 ipfis
556 2428 670 2468 initiis
686 2429 873 2470 institutus
887 2459 898 2478 ,
912 2431 952 2470 ὅ(
971 2438 1142 2469 retentus
1155 2456 1168 2476 ‚
1193 2439 1315 2479 quem
1333 2427 1373 2466 &
1387 2423 1656 2465 communiter
1673 2418 1898 2464 universum
1916 2414 2057 2459 obser·-

0 2530 5 2537 ,
42 2497 109 2532 vat
121 2486 339 2529 sodalitium
355 2515 366 2536 ‚
378 2487 555 2527 Fratrem
571 2486 811 2529 Defunctum
827 2517 837 2537 ‚
854 2502 934 2528 non
950 2487 1017 2527 nifi
1031 2486 1203 2540 sequenti
1215 2485 1276 2526 die
1289 2482 1357 2526 sub
1374 2482 1479 2523 miffa
1490 2480 1654 2523 solemni
1666 2479 1824 2520 tradere
1839 2476 2057 2531 sepulturae,

0 2590 6 2596 ,
39 2560 120 2601 quo
134 2548 323 2588 diuturno
340 2547 530 2599 temporis
544 2547 752 2587 intervallo
763 2547 872 2602 sopiti
889 2546 1012 2588 sensus
1029 2546 1212 2599 soporem
1227 2556 1394 2585 omnem
1409 2541 1605 2582 excutiant
1619 2568 1629 2580 .
1646 2539 1719 2580 His
1734 2537 1834 2579 adde
1849 2535 1956 2579 varia
1972 2549 2055 2576 mc-

0 2622 16 2656 ,·
39 2607 253 2656 dicamina,
269 2605 419 2646 diversa
433 2607 525 2646 item
543 2607 812 2660 experimenta
829 2636 840 2657 ,
857 2621 942 2659 quae
956 2607 994 2646 in
1009 2602 1229 2655 hujusmodi
1243 2601 1394 2645 morbis
1409 2599 1536 2643 solent
1549 2597 1727 2640 adhiberi
1741 2627 1753 2648 ,
1782 2610 1864 2637 non
1898 2593 2053 2637 defuisse

1 2666 124 2721 3'viro
137 2696 149 2716 ‚
162 2679 283 2720 quem
297 2665 447 2706 externi
464 2663 713 2719 suscipiebant
724 2696 734 2715 ,
751 2666 951 2707 domestici
965 2662 1260 2706 venerabantur
1276 2658 1473 2714 ‚discipuli
1485 2657 1700 2714 diligebant
1714 2686 1727 2707 ‚
1758 2657 1798 2700 ὃς
1815 2668 1956 2696 omnes
1969 2655 2055 2695 ia.»

0 2768 6 2781 f
40 2725 260 2767 universum
275 2723 480 2778 cupiebant
498 2724 738 2767 incolumem
754 2757 762 2765 .
779 2727 878 2781 Qs
893 2725 1029 2767 credat
1044 2723 1278 2779 Magistrum
1294 2717 1550 2776 gratissimum
1567 2746 1579 2767 ,
1593 2718 1776 2758 omnium
1794 2715 1894 2756 votis
1909 2714 2057 2769 expeti·

41 2795 126 2826 turn
143 2814 155 2836 ‚
167 2785 348 2826 omnium
360 2783 481 2825 iubilo
492 2794 582 2825 ante
596 2799 736 2838 paucos
749 2784 896 2826 menses
907 2792 1115 2837 exceptum
1131 2813 1141 2832 ‚
1157 2784 1208 2823 ita
1221 2780 1468 2828 festinanter,
1483 2779 1522 2819 &
1540 2776 1714 2818 feraliter
1726 2778 1775 2818 ad
1800 2772 2055 2828 sepulcrum

43 2845 125 2899 rapi
138 2843 293 2899 potuisse
307 2872 319 2894 ‚
331 2854 373 2884 ut
391 2844 514 2884 nullus
528 2857 576 2884 ex
590 2845 764 2897 plurimis
782 2874 793 2892 ,
821 2857 922 2897 quos
940 2844 1055 2897 plena
1071 2840 1264 2884 edocebat
1279 2839 1408 2882 schola
1425 2868 1436 2887 ‚
1468 2834 1656 2892 discipulis
1674 2835 1712 2876 id
1727 2834 1821 2876 scire
1836 2862 1847 2883 ,
1874 2833 2054 2886 adeoque

40 2903 162 2946 breve
176 2915 328 2958 tempus
342 2902 509 2957 elapsum
525 2902 569 2943 fit
586 2905 687 2943 inter
702 2903 878 2944 sensuum
893 2903 1076 2955 soporem
1092 2931 1103 2951 ‚
1119 2903 1157 2942 &
1171 2899 1390 2942 festinatum
1407 2896 1519 2939 fimus
1532 2926 1543 2945 ‚
1572 2907 1614 2937 ut
1631 2896 1753 2937 nullus
1770 2907 1818 2934 ex
1834 2892 1870 2933 di
1881 2891 2026 2946 scipulis
2041 2921 2054 2941 ‚

43 2977 141 3018 quos
155 2962 327 3004 absentes
345 2961 501 3017 fingunt
514 2961 764 3016 supervenire
777 2962 948 3017 potuerit
963 2966 979 3003 'e
995 2960 1147 3002 Deinde
1164 2957 1293 3001 mense
1308 2957 1537 3000 Novembri
1556 2984 1565 3004 ,
1580 2969 1662 3008 quo
1678 2964 1858 2995 mortuus
1875 2965 1896 2993 e
1912 2952 1941 2993 st
1956 2953 2053 2992 Sco-

43 3032 102 3064 tus
114 3051 126 3072 ,
138 3020 307 3063 maxime
324 3032 483 3063 vacatur
497 3022 623 3062 studiis
638 3051 649 3070 ‚
665 3036 793 3075 neque
803 3021 1046 3063 credendum
1066 3020 1117 3062 est
1133 3021 1183 3060 ita
1200 3018 1355 3060 feriatos
1372 3016 1467 3058 foris
1480 3015 1681 3069 discipulos
1697 3042 1708 3064 ‚
1729 3023 1772 3054 ut
1785 3013 1907 3052 nullus
1920 3008 2054 3051 adfue-

1 3115 11 3139 ἶ
44 3082 96 3123 rit
110 3110 121 3132 ,
134 3082 200 3135 qui
214 3080 380 3122 referret
393 3079 612 3133 hujusmodi
626 3081 801 3122 sensuum
819 3081 1002 3135 soporem
1020 3080 1213 3135 Magistro
1228 3077 1293 3120 suo
1306 3076 1409 3119 fuisse
1424 3073 1655 3117 familiarem
1669 3102 1681 3123 ‚
1711 3074 1763 3113 uti
1783 3069 1891 3124 ipsius
1908 3069 2053 3110 fabellae

0 3179 12 3200 ¹„
29 3139 210 3190 ‘afferunt
224 3141 421 3181 Authores
439 3171 449 3181 .
466 3141 503 3182 Si
518 3143 614 3182 vero
630 3138 804 3182 insolitus
822 3139 892 3181 fuit
906 3169 916 3189 ,
931 3141 970 3181 ὃς
989 3141 1114 3194 prima
1130 3143 1200 3180 hac
1213 3138 1297 3183 vice
1311 3151 1402 3179 eum
1416 3136 1469 3177 est
1484 3133 1601 3189 passus
1618 3162 1630 3183 ,
1658 3130 1868 3186 quomodo
1882 3130 2052 3170 astruere

0 3219 2 3240 :
44 3209 227 3255 pgterant
237 3198 549 3253 supervenientes
562 3199 753 3254 discipuli,
770 3213 862 3240 eum
878 3201 1014 3241 vivum
1031 3229 1041 3249 ,
1056 3199 1148 3241 &in
1163 3197 1278 3239 exrafi
1291 3195 1544 3238 constitutum
1561 3193 1796 3233 tumulatum
1812 3218 1822 3237 ‚
1837 3190 1876 3229 ὅ(
1891 3202 1969 3229 non
1985 3201 2058 3241 po-

44 3261 116 3300 tius
132 3267 304 3299 mortem
318 3257 446 3300 obiisse
462 3262 478 3300 ἒ
492 3261 666 3300 Demum
678 3259 777 3300 adeo
789 3256 841 3300 sui
855 3260 1112 3300 immemores
1126 3258 1332 3300 credemus
1343 3268 1424 3304 eos,
1440 3254 1507 3306 qui
1520 3249 1743 3298 adfuerunt,
1760 3252 1799 3290 &
1811 3247 2057 3301 sepelierunt,

44 3318 278 3362 utssimmanis
293 3318 489 3358 homicidii
505 3319 721 3372 perieulum
736 3347 748 3367 ,
771 3319 880 3371 quod
896 3318 963 3359 sub
992 3319 1127 3360 oculos
1141 3327 1247 3366 erat,
1274 3312 1606 3367 contempserint,
1634 3309 1815 3362 nequein
1831 3309 1962 3348 Deum
1981 3335 1992 3356 ‚
2017 3307 2056 3346 in

44 3377 154 3419 nomi
169 3375 389 3417 iatiffimum
407 3378 627 3418 communis
646 3378 800 3418 instituti
817 3377 1067 3418 consodalem
1084 3406 1094 3426 ‚
1112 3389 1273 3431 peccare
1292 3374 1498 3415 timuerint
1514 3374 1530 3412 ἒ

104 3437 294 3478 XXXVI.
327 3437 450 3489 Qod
483 3437 579 3477 veri>
606 3449 653 3476 ex
667 3436 788 3478 Paulo
818 3438 928 3478 Iovio
953 3437 1127 3477 adiunxit
1154 3435 1323 3476 Bzovius
1338 3461 1349 3482 ‚
1374 3431 1552 3472 redeunte
1581 3427 1720 3469 scilicet
1745 3422 1920 3481 vitafiro
1937 3423 2059 3466 morbi

49 3490 221 3553 impetum
237 3504 416 3536 naturam
441 3490 649 3554 difouffiffi,
665 3494 820 3554 flustra
834 3496 986 3537 eundem
998 3494 1249 3553 adpetendam
1263 3503 1361 3550 opem
1377 3485 1586 3546 mist’rabili
1607 3486 1754 3541 mugitu
1780 3485 1874 3526 edito
1893 3514 1902 3531 ‚
1926 3483 2056 3541 pulla-

49 3563 156 3611 toquc
168 3554 234 3595 diu
247 3553 368 3612 lapide
382 3584 393 3605 ,
421 3553 507 3612 eliso
518 3548 667 3595 tandem
682 3555 802 3611 capilo
811 3550 981 3612 periiffi’3
1005 3554 1312 3595 admirationem
1328 3549 1466 3591 incutit
1482 3578 1491 3596 ‚
1519 3547 1628 3600 quod
1644 3558 1704 3585 vir
1721 3542 1935 3598 Religiosus
1951 3572 1962 3592 ,
1977 3542 2055 3582 fra-

49 3622 167 3655 ternae
193 3614 386 3654 charitatis
414 3615 570 3656 vinculo
584 3644 594 3663 ,
624 3613 755 3654 saltem
782 3613 938 3662 debitO,
966 3613 1196 3662 conjunstus
1215 3639 1225 3658 ‚
1245 3611 1346 3651 adeo
1374 3606 1476 3648 facili
1505 3607 1660 3648 calamo
1691 3602 1972 3656 transcripserit
2011 3601 2051 3641 in

51 3671 245 3714 celebrem
276 3675 494 3715 Doctorem
524 3672 717 3715 summam
745 3672 926 3712 iniuriam
943 3701 953 3720 ‚
975 3684 1144 3723 eamque
1162 3684 1241 3710 non
1269 3667 1460 3710 mediocri
1489 3665 1639 3706 auxerit
1652 3662 1898 3704 incremento
1914 3659 2056 3701 affeve-

0 3736 15 3793 ὲ,
51 3743 137 3773 rans
152 3734 356 3776 teterrimo
369 3733 508 3775 mortis
538 3745 712 3789 genere,
739 3729 927 3787 immisisti
941 3759 954 3781 ,
986 3741 1052 3773 aut
1064 3732 1164 3772 certe
1176 3729 1312 3771 occulti
1327 3725 1498 3770 criminis
1514 3716 1858 3782 poenasperfiluiffe
1881 3751 1890 3760 .
1913 3723 2057 3820 {ianne

1970 3791 2005 3818 ei

2121 397 2220 427 scotus
2239 394 2289 437 pi?

2078 447 2207 470 ”Oritur
2219 461 2227 469 υ

2078 553 2125 589 [c]
2154 550 2289 582 Bzovint

2075 596 2167 625 Anno
2195 605 2205 624 ι
2218 607 2290 633 294·

2077 649 2106 668 n.
2125 647 2152 667 1.

2077 681 2210 711 maevius
2223 692 2290 712 ‹or-

2072 725 2186 764 giritur
2198 746 2206 754 .

2078 768 2134 808 (d)
2149 767 2293 797 Lamnae

2080 811 2152 840 vitis
2189 810 2293 841 Pnilo-

2078 853 2196 894 sprot.

2082 898 2291 938 A‘iquidicuut

2078 942 2236 981 proplexia
2259 950 2295 971 0·-

2079 983 2155 1025 biffe
2171 1006 2177 1012 .

2083 1027 2147 1057 Rtf
2164 1027 2298 1057 liuntur.

2084 1073 2130 1109 [f]
2148 1071 2183 1101 ln
2206 1071 2294 1108 Apa-

2084 1115 2145 1155 ¹⁰33-
2156 1115 2192 1143 dv
2221 1114 2294 1143 Mn-

2085 1169 2091 1187 ι
2107 1169 2170 1189 acl..
2182 1160 2208 1188 S.
2222 1157 2296 1189 fta-

2083 1202 2109 1241 ᾗ.
2127 1212 2154 1239 5.
2168 1213 2197 1231 ι..
2210 1213 2239 1237 p:

2083 1245 2221 1285 Aliipcfi
2243 1246 2296 1276 hor

2082 1296 2258 1319 nerrattcne
2285 1309 2296 1323 ,

2081 1333 2176 1363 vs-uts
2186 1340 2219 1372 pe
2230 1342 2294 1360 ma-

2081 1386 2133 1405 nus
2147 1376 2292 1405 traditam

2081 1419 2242 1458 amplexati
2256 1439 2264 1453 ,

2077 1462 2297 1503 errorensove-

2082 1516 2126 1535 ru,
2141 1514 2152 1535 t
2167 1528 2174 1535 .

2083 1550 2235 1580 Tritnem.
2255 1547 2293 1578 de

2080 1591 2169 1636 scrip.

2088 2355 2158 2389 Alii
2172 2355 2272 2383 dicunt
2288 2372 2297 2387 ‚

2084 2401 2192 2430 smum
2200 2396 2299 2436 sepul-

2086 2449 2149 2472 tum
2162 2463 2170 2471 .
2184 2441 2234 2472 Sed
2250 2448 2298 2468 er-

2085 2492 2154 2517 rant
2169 2507 2177 2514 .

2091 3452 2139 3482 An
2154 3451 2291 3480 violente,

2083 3495 2207 3534 perierit
2220 3494 2249 3522 in
2257 3493 2296 3533 se.

2081 3539 2182 3577 pulcro
2196 3558 2203 3565 .

2090 3719 2181 3751 sauli
2207 3721 2299 3763 ‘jovis‘

2083 3763 2152 3804 ficu
2165 3784 2173 3793 .
