2650 4142
370 163 502 223 274

361 248 391 268 m
410 247 427 267 n
448 232 609 265 mentitis
624 230 776 264 formalis
791 243 800 271 ς
817 229 890 267 esto
905 232 1104 277 {impliciter
1129 231 1191 266 fint
1221 233 1321 263 unica

362 295 417 316 res·
430 309 437 316 .
457 281 556 316 iuxta
572 283 679 325 igitur
697 279 922 325 posteriorem
939 281 1140 327 positionem
1160 279 1298 327 justitiae
1312 305 1322 320 ‚

362 332 432 364 haec
451 342 516 363 non
532 328 577 364 ‹st
594 330 718 365 eadem
734 333 765 363 in
782 329 864 365 Deo
878 344 918 366 ac
932 331 1170 366 misericordia
1188 355 1196 363 .

414 380 466 414 Ex
483 392 552 425 quo
568 381 720 427 sequitur
732 406 741 420 ‚
758 380 898 414 divinas
917 380 994 415 illas
1017 381 1246 428 perfeftiones
1259 405 1269 420 ‚
1285 387 1323 413 ut

362 429 404 463 ad
421 429 556 474 objecta
577 434 740 476 proxima
757 440 1009 475 comparantur
1025 458 1035 472 ‚
1056 431 1232 476 justitiam
1257 427 1321 462 effe

361 479 555 524 iimpliciter
571 479 808 514 misericordia
828 484 980 525 priorem
996 506 1006 519 ‚
1038 480 1123 516 sicut
1140 477 1320 524 objeaum

362 530 453 563 illius
464 527 511 562 est
527 527 735 575 simpliciter
761 534 857 575 prius
888 529 1029 576 objefto
1052 527 1320 566 misericordiae.

356 576 602 613 Consideratis
619 588 735 614 autem
759 583 788 614 in
802 580 832 613 se
847 578 946 626 ipfis,
961 585 1047 615 citra
1065 591 1207 615 omnem
1222 577 1319 611 ordi-

356 640 436 662 nem
452 628 493 662 ad
509 628 644 674 objefta
660 656 670 670 ‚
684 630 815 663 nullum
837 629 1003 665 videntur
1017 634 1106 665 inter
1123 630 1151 664 se
1168 629 1199 664 se
1218 627 1322 661 habe-

357 690 393 711 re
409 678 565 713 ordinem
579 706 588 721 ,
621 678 678 713 nisi
710 691 749 714 ea
780 682 939 721 ratione,
963 691 1030 725 qua
1060 690 1179 725 caetere
1204 678 1318 722 divine

356 727 591 773 persefitiones
608 741 675 763 non
694 728 816 776 eedem
845 729 1034 765 formaliter
1049 730 1214 764 dicuntur
1227 730 1318 761 inter

358 777 387 809 se
401 779 554 813 ordinari
572 793 579 811 :
597 789 774 824 qnatenus
788 780 918 814 scilicet
937 806 947 820 ,
962 778 982 812 fi
1003 783 1094 813 inter
1110 779 1185 813 illas
1210 775 1319 811 versa-

357 836 456 861 retur
489 830 592 864 realis
621 829 813 871 dillinftim
847 840 915 863 una
944 841 1005 875 per
1029 831 1124 874 prius
1139 827 1318 860 diceretur

357 875 458 912 ineffc
475 880 750 924 realitcr‚qu:'¹m
772 882 839 915 alia
859 888 986 925 ;atque
1005 883 1052 913 ita
1069 877 1192 914 eodem
1209 874 1315 922 ραὲὶο

356 937 463 970 quum
481 940 654 977 ponuntur
669 942 735 964 non
752 929 842 965 idem
869 928 1064 962 formaliter
1078 954 1087 962 .
1112 928 1221 962 quta
1247 924 1318 959 hoc

359 980 466 1013 insiti„-
501 977 632 1013 lustitia
669 979 716 1014 cst
731 984 832 1021 prior
852 977 1086 1012 misericordia
1103 1005 1113 1019 ,
1131 974 1316 1012 secundum

359 1025 442 1062 illuil
463 1030 613 1066 Ani'clrni
628 1056 637 1070 ,
649 1028 795 1064 Prole-Lx
811 1042 838 1065 ι.
859 1026 1069 1074 Exjustitia
1081 1028 1242 1074 nascitur
1256 1027 1320 1060 mi-

343 1074 546 1118 f'ezy-smffsa
559 1106 567 1114 .

410 1135 468 1167 Ao
484 1132 742 1166 ARGUMENTA
763 1155 771 1163 .
787 1129 843 1164 Ad
858 1133 1008 1175 primum
1034 1126 1224 1172 respondeo
1249 1123 1318 1160 fic:

358 1172 505 1216 Fss‘entia
526 1181 643 1214 divina
660 1180 850 1225 complicat
868 1181 899 1213 in
915 1179 944 1211 se
972 1176 1217 1212 actualitatem
1242 1188 1318 1209 om-

356 1235 434 1267 nem
455 1230 739 1271 intelliqibilem;
765 1231 901 1265 unitive
916 1236 1033 1262 autem
1053 1239 1118 1262 non
1138 1230 1317 1261 continen-

355 1283 412 1316 snr
428 1309 437 1323 ‚
452 1293 526 1327 quse
544 1279 611 1313 fine
626 1284 721 1313 omni
740 1278 959 1315 distinfflone
972 1282 1197 1312 continentur
1210 1305 1220 1319 ,
1232 1279 1315 1322 quia

355 1336 437 1367 nnio
455 1343 520 1365 non
539 1329 586 1364 est
605 1331 730 1375 absque
748 1333 843 1364 omni
859 1327 1081 1364 distinetione
1096 1357 1104 1362 .
1123 1325 1205 1362 Nec
1238 1327 1314 1359 uni-

353 1382 429 1416 tive
443 1385 684 1421 continentur,
701 1391 776 1425 quae
802 1378 1000 1426 {impliciter
1027 1378 1171 1412 realiter
1197 1376 1314 1411 distin-

352 1432 407 1467 fta
425 1431 649 1465 continentur
665 1458 675 1471 ,
692 1433 771 1476 quia
791 1430 847 1464 ilia
876 1428 1115 1473 multipliciter
1131 1452 1141 1467 ‚
1165 1426 1217 1461 seu
1248 1426 1316 1460 dis-

351 1481 477 1527 periim
496 1485 610 1514 inuno
632 1485 875 1526 reperiuntur3
901 1491 986 1522 ergo
1013 1477 1080 1511 lioc
1098 1477 1313 1510 vocabulum

352 1534 495 1566 :miti-‘2¹52
522 1531 667 1565 includit
685 1530 869 1575 aliqualem
895 1526 1151 1564 distinctionem
1168 1536 1314 1561 conten-

349 1593 469 1615 torum
484 1609 493 1621 ,
509 1592 583 1625 quae
597 1580 739 1614 sufficiat
758 1578 801 1613 ad
818 1583 978 1613 unionem
993 1591 1003 1617 ς
1020 1579 1066 1611 ita
1081 1586 1194 1610 tamen
1208 1586 1246 1610 ut
1259 1587 1315 1610 ta-

350 1634 393 1666 lis
412 1635 492 1665 unio
507 1641 673 1672 repugnet
692 1633 782 1663 omni
803 1627 1068 1674 compositioni,
1090 1626 1122 1659 8<
1137 1638 1313 1671 aggrega-

348 1685 434 1717 tioni
453 1679 694 1714 distinftorum
709 1707 716 1714 .
747 1681 827 1713 Hoc
849 1690 915 1712 non
932 1675 1046 1723 potest
1064 1675 1151 1717 esse,
1179 1674 1235 1710 nifi
1253 1687 1315 1721 po-

349 1740 456 1765 natur
474 1741 540 1764 non
559 1729 726 1764 identitas
741 1728 899 1763 formalis
911 1739 990 1762 cum
1006 1728 1184 1762 identitate
1206 1726 1314 1761 reali.

349 1779 628 1815 concedendum
646 1779 692 1814 est
710 1791 796 1824 ergo
811 1777 1010 1820 ,essentiam
1036 1780 1217 1812 continere
1239 1788 1313 1811 om·

349 1843 428 1866 nem
445 1829 686 1865 affinitatem
698 1856 707 1870 ,
723 1841 763 1862 ac
777 1828 923 1868 proinde
952 1838 1093 1862 omnem
1119 1823 1316 1862 formalita-

350 1889 419 1915 r'em
438 1908 447 1921 ,
468 1878 512 1912 slc
529 1881 681 1917 interim,
693 1888 731 1912 ut
746 1877 914 1925 <jusmodi
930 1876 1160 1911 aequalitates
1172 1888 1239 1911 non
1252 1876 1316 1912 fint

350 1931 394 1965 illi
410 1928 611 1964 formaliter
633 1928 759 1963 ctetlem
777 1953 787 1967 ‚
800 1929 879 1974 quia
898 1937 983 1961 tunc
999 1938 1064 1960 non
1078 1927 1212 1961 unitive
1231 1938 1315 1962 con-

348 1984 565 2014 tinerentur.
594 1980 630 2013 Si
657 1978 779 2018 dicas,
805 1978 963 2013 continet
1003 1985 1174 2022 quantum
1201 1977 1318 2023 potest

352 2032 529 2063 contineri
545 2055 551 2061 .
565 2029 704 2063 Verum
723 2027 769 2062 est
785 2038 953 2072 quantum
970 2038 1076 2060 unum
1090 2027 1193 2060 unius
1209 2030 1318 2063 ratio-

352 2081 404 2113 nis
422 2077 469 2113 est
482 2084 681 2112 continens:
704 2078 788 2112 nihil
816 2087 934 2113 autem
955 2081 1060 2111 unius
1091 2080 1237 2111 rationis
1250 2089 1317 2123 po-

355 2127 418 2163 test
431 2132 609 2162 continere
628 2129 723 2169 plura
749 2139 814 2162 non
840 2127 1032 2162 formaliter
1055 2123 1179 2161 eadem
1206 2127 1317 2175 perfe-

354 2177 562 2223 c'tiusquiim
578 2178 712 2212 unitive
727 2204 736 2218 ‚
751 2180 807 2212 vel
821 2177 968 2212 {dentice
983 2203 991 2211 .

405 2227 462 2261 Ad
477 2228 663 2262 secundum
679 2226 794 2271 potest
810 2227 878 2262 dici
892 2255 901 2269 ‚
928 2237 1057 2261 revera
1088 2234 1143 2261 tot
1174 2227 1238 2262 esse
1270 2227 1315 2262 ibi

354 2277 581 2317 realitates,&
598 2286 755 2319 resqquot
772 2277 802 2310 &
816 2277 1052 2312 formal-states
1067 2285 1124 2316 3at
1139 2288 1215 2310 eam
1241 2277 1319 2322 plu-

352 2327 529 2361 ralitatem
549 2326 613 2361 esse
632 2338 697 2361 non
712 2328 840 2361 realem
855 2353 865 2367 ,
883 2327 915 2360 8<
940 2324 1161 2368 fiinnliciter,
1185 2326 1313 2371 sedse-

352 2377 501 2410 candian
517 2378 605 2416 (fuid
622 2388 629 2406 τ
647 2376 704 2411 De
716 2388 785 2421 qua
818 2388 853 2411 re
872 2376 951 2411 alibi
976 2374 1110 2409 dietum
1134 2375 1221 2412 fuit.
1242 2377 1312 2413 Vel

350 2425 460 2473 poff‘et
485 2431 602 2473 negari
631 2426 880 2474 consequentia
898 2454 907 2469 ἲ
938 2425 1058 2471 plures
1073 2425 1310 2463 formalitates

916 138 1180 205 Summa?
1201 131 1249 217 J
1251 138 1465 202 oannis
1493 136 1661 204 Duns
1680 137 1726 204 S
1732 139 1843 204 coti
1863 183 1880 204 .

1403 229 1530 270 reales3
1547 243 1637 275 ergo
1653 231 1770 277 plures
1786 231 1983 266 realitates.
2001 229 2100 265 Sicut
2117 230 2365 274 negatur,plu-

1402 291 1458 313 res
1475 277 1626 314 Perlonae
1641 281 1783 321 ‹livinae3
1801 292 1886 326 ergo
1901 281 2019 327 plures
2033 280 2215 316 divinitat*
2227 290 2245 312 s
2261 305 2270 314 .
2289 278 2364 314 Sed

1401 332 1500 373 prior
1518 328 1686 375 responfio
1701 328 1748 364 est
1764 329 1890 363 realior
1903 357 1911 365 .

1451 376 1510 413 Ad
1527 377 1695 414 Tertium
1709 378 1917 425 respondeo,
1931 387 2082 414 mentem
2097 376 2282 424 Augustini
2293 375 2360 411 esse

1399 427 1577 462 adstruere
1596 431 1630 461 in
1648 427 1730 463 Deo
1749 440 1870 462 veram
1896 429 2119 463 identitatem
2148 427 2276 462 realem
2301 438 2362 460 cu·

1392 477 1587 524 juscunque
1606 476 1650 510 ad
1662 477 1899 523 quodcunque
1911 505 1921 520 ‚
1940 475 2119 524 loquendo
2133 475 2175 510 de
2201 475 2360 511 intrinse-

1399 528 1449 561 cis
1465 525 1523 572 ips1
1541 526 1649 566 De03
1668 527 1722 561 sed
1732 526 1861 562 exinde
1880 526 1974 561 haud
1988 525 2052 561 effe
2065 523 2362 566 concludendum,

1398 576 1582 623 quodlibet
1594 575 1658 611 effe
1677 575 1870 611 formaliter
1881 577 1972 611 idem
1988 575 2138 610 cuilibet
2153 588 2163 616 ς
2179 577 2261 620 quia
2274 586 2362 609 vera

1398 626 1570 661 identitas
1582 650 1592 666 ‚
1616 629 1687 659 imo
1705 625 1886 668 verissima,
1904 637 1979 673 quae
1991 624 2117 659 sufficit
2133 624 2176 658 ad
2191 626 2363 658 omnimo·

1397 675 1478 709 dam
1513 672 1767 720 simplicitatem
1781 701 1792 717 ,
1814 679 1947 723 optime
1984 674 2140 709 cohaeret
2175 685 2256 708 cum
2291 685 2361 708 non

1396 724 1589 759 identitate
1605 723 1713 759 reali.

1445 773 1504 809 Ad
1518 776 1670 819 primum
1684 775 1724 807 in
1739 773 1925 822 opquitum
1940 802 1950 818 ‚
1963 787 2033 822 quo
2049 772 2185 820 justitia
2201 800 2212 815 ,
2241 772 2275 807 3(
2295 774 2360 806 ml·

1395 822 1579 858 sericordia
1597 823 1820 868 appellantur
1834 824 1909 861 duae
1926 836 1980 860 rcs
1995 851 2003 859 .
2025 822 2230 860 Dicendum
2245 850 2255 864 ,
2273 821 2360 856 Cas-

1391 871 1567 907 fiodorum
1584 871 1780 909 exrendere
1791 876 1879 909 duas
1896 887 1951 910 res
1964 874 2009 910 ad
2027 872 2355 918 dualitatemfecun.

1390 923 1474 958 dum
1488 922 1621 969 qus'dssr
1636 922 1871 966 formalem‚ut
1886 923 2018 959 dietum
2036 922 2083 957 est
2101 922 2357 968 adsecundum.

1444 972 1502 1007 Ad
1516 972 1607 1007 aliud
1623 999 1633 1013 ‚
1657 982 1703 1005 ex
1723 983 1794 1018 quo
1810 974 1990 1008 declarata
2019 972 2231 1018 fuitsolutio
2250 974 2356 1018 juxta

1390 1019 1577 1056 secundum
1592 1021 1732 1057 modum
1749 1023 2082 1070 ponendijustitiam
2110 1023 2140 1057 in
2171 1021 2254 1057 Deo
2271 1047 2280 1060 ,
2309 1018 2357 1054 est

1391 1070 1564 1117 responsio
1579 1071 1770 1108 dicentium
1783 1099 1793 1114 ‚
1809 1073 1979 1120 justitiam
1994 1085 2061 1107 non
2090 1072 2157 1107 alia
2175 1074 2313 1105 ratione
2338 1067 2358 1104 ὲ

1393 1119 1632 1157 misericordia
1644 1120 1781 1156 differre
1798 1149 1808 1163 ,
1824 1121 1881 1156 nifi
1911 1134 2018 1169 penes
2042 1130 2272 1157 connotatum
2301 1118 2358 1154 di-

1390 1171 1526 1206 versum
1543 1198 1553 1212 ‚
1569 1170 1626 1205 etfi
1639 1183 1680 1205 ea
1695 1170 1767 1205 duo
1781 1170 1843 1208 sint
1855 1171 2056 1219 {impliciter
2072 1198 2083 1213 ‚
2111 1171 2144 1206 8<
2157 1170 2356 1206 formaliter

1391 1221 1514 1256 eadem
1532 1219 1702 1267 perfectio
1717 1247 1725 1256 .
1741 1222 1881 1257 Contra
1908 1223 1999 1257 hoc:
2030 1221 2195 1268 ejusmodi
2222 1231 2357 1254 conno-

1393 1275 1483 1307 tatio
1501 1283 1568 1305 non
1601 1272 1788 1317 praeexigit
1811 1273 1967 1319 aliquam
1995 1271 2256 1307 distinetionem
2279 1270 2357 1305 illa-

1390 1331 1467 1354 rum
1483 1321 1736 1368 perfectionum
1751 1348 1761 1363 ‚
1785 1321 1973 1357 secundum
1993 1321 2021 1356 le
2041 1332 2285 1368 acceptarum,
2296 1318 2355 1355 sed

1389 1371 1524 1416 proecise
1541 1381 1579 1406 ut
1593 1375 1841 1418 concipiuntur
1853 1399 1863 1415 ,
1876 1372 1909 1407 ὃ(
1925 1371 2105 1417 signantur
2124 1384 2134 1414 3
2155 1372 2199 1407 ad
2214 1370 2248 1406 id
2261 1374 2353 1406 enim

1391 1423 1596 1456 connotatio
1627 1424 1817 1468 requiritur
1841 1435 1851 1463 3
1885 1432 2135 1467 argumentum
2164 1430 2285 1458 autem
2310 1432 2354 1455 eo

1390 1470 1520 1511 tendit,
1534 1481 1572 1506 ut
1585 1469 1744 1507 ostendat
1759 1471 2014 1507 distinftionem
2032 1483 2153 1508 earum
2169 1469 2356 1520 perfee‘stio-

1391 1531 1473 1554 num
1487 1521 1673 1555 secundum
1689 1522 1718 1556 fe
1734 1547 1744 1560 ,
1759 1530 1799 1555 ut
1818 1533 1938 1567 nempe
1957 1521 2029 1555 sunt
2053 1524 2159 1558 causae
2176 1520 2354 1558 distinetu-

1391 1581 1468 1604 rum
1482 1569 1665 1605 effefkuum
1683 1596 1692 1604 .
1709 1570 1779 1605 Cui
1794 1570 1990 1605 diversitati
2005 1572 2182 1608 causandae
2201 1584 2267 1607 non
2290 1569 2357 1605 suf-

1392 1618 1484 1661 ficit,
1505 1628 1544 1654 ut
1561 1620 1701 1654 videtur
1713 1647 1723 1662 ‚
1734 1618 1930 1656 differentia
1946 1625 2097 1656 rationis
2110 1650 2120 1664 ‚
2133 1626 2217 1669 quia
2231 1631 2288 1655 res
2302 1631 2358 1654 ra-

1392 1674 1497 1706 tionis
1515 1681 1580 1704 non
1600 1668 1648 1704 est
1661 1697 1671 1711 ‚
1686 1681 1752 1704 nec
1769 1669 1835 1705 effe
1854 1669 1968 1716 potest
1997 1674 2095 1705 ratio
2108 1700 2119 1715 ‚
2139 1684 2202 1706 cur
2228 1671 2356 1712 aliquis

1392 1717 1541 1756 effeetus
1557 1720 1695 1755 realiter
1707 1719 1902 1755 efficiatur:
1919 1720 1990 1756 imo
2015 1723 2234 1767 generaliter
2261 1719 2357 1755 nulla.

1389 1768 1566 1807 distinato
1595 1770 1700 1804 realis
1729 1772 1762 1803 in
1790 1768 1915 1805 effec‘tu
1940 1771 2113 1817 dependet
2137 1771 2155 1809 a
2184 1772 2357 1805 relatione

1393 1823 1546 1857 rationis
1563 1821 1595 1854 in
1609 1820 1733 1854 causa:
1758 1819 1818 1855 ista
1833 1828 1952 1857 autem
1966 1821 2145 1859 distinctio
2167 1819 2358 1857 effeeiuum

1391 1868 1803 1916 effentialiterdependet
1826 1881 1872 1904 ex
1887 1869 2105 1908 distinetione
2128 1877 2161 1908 in
2181 1870 2358 1910 caus23er-

1391 1934 1441 1969 go
1454 1932 1521 1956 non
1542 1918 1589 1955 est
1603 1919 1706 1954 solius
1718 1923 1885 1956 rationis.
1900 1921 2182 1958 concedendum
2206 1919 2255 1956 est
2269 1931 2357 1965 ergo

1390 1980 1638 2017 argumentum
1656 1969 1905 2015 profolutione
1924 1973 2070 2008 allatum
2083 2000 2094 2014 ‚
2115 1972 2284 2021 justitiam
2303 1972 2355 2004 ni-

1389 2025 1517 2058 mirum
1533 2032 1602 2056 non
1630 2019 1695 2055 effe
1721 2020 1915 2058 formaliter
1930 2049 1940 2064 ‚
1956 2021 1989 2056 &
2017 2022 2232 2071 quiditative
2258 2020 2353 2056 idem

1389 2070 1648 2118 misericordie,
1679 2070 1735 2105 vel
1764 2073 1782 2107 ὲ
1801 2073 1971 2108 converso
1986 2085 1996 2113 3
2028 2085 2071 2109 ac
2089 2081 2237 2120 propter
2262 2071 2356 2104 hanc

1390 2135 1460 2159 non
1473 2121 1691 2156 identitatem
1709 2119 1894 2158 formalem
1908 2150 1918 2166 ‚
1943 2123 2039 2168 posse
2068 2135 2175 2160 unum
2189 2120 2256 2156 effe
2267 2123 2359 2167 prin.

1392 2175 1524 2219 cipium
1542 2174 1746 2218 proximum
1764 2174 1914 2220 alicujus
1931 2171 2078 2209 effeEtus
2110 2182 2231 2210 extra.
2257 2170 2360 2217 cujus

1393 2224 1569 2269 reliquum
1593 2233 1658 2256 non
1674 2219 1722 2256 est
1738 2225 1946 2269 principium
1963 2222 2111 2259 formale
2125 2237 2136 2265 ς
2149 2220 2292 2270 perinde
2318 2231 2362 2256 ac

1397 2273 1418 2308 fi
1432 2284 1496 2321 per
1507 2270 1710 2318 impossibile
1728 2273 1842 2310 forent
1856 2274 1932 2310 duae
1949 2285 2004 2309 res
2020 2274 2164 2310 realiter
2177 2270 2359 2318 distincteg

1390 2335 1474 2360 nam
1490 2321 1554 2356 effe
1574 2325 1785 2368 principium
1817 2323 1965 2362 formale
1981 2326 2152 2373 competit
2165 2324 2267 2360 alicui
2281 2348 2293 2365 ‚
2319 2330 2360 2358 ut

1387 2375 1436 2411 est
1455 2371 1525 2408 tale
1544 2371 1737 2411 formaliter
1750 2400 1760 2410 .

2159 3796 2302 3849 QUAE-

2396 1011 2501 1035 Richar·
2518 1018 2543 1041 ⁴·
2551 1011 2607 1038 dist.-

2395 1047 2438 1075 4⁶·
2447 1050 2576 1074 art-anna.
