2666 4109
688 181 910 249 Tamus
943 182 984 247 1.
1006 182 1167 249 Pars
1191 186 1231 248 1.
1251 185 1517 275 Quaestio
1552 182 1927 256 171.Art.111.

317 293 384 316 000
402 278 469 315 effe
483 273 568 323 quid
583 284 620 308 re
634 272 811 310 diversum
826 276 944 317 abiis,
963 287 1115 322 quorum
1129 277 1206 313 sunt
1223 279 1285 314 bo-

320 335 469 367 nitates:
491 321 622 360 &ideo
645 328 677 359 in
707 322 762 357 his
792 324 898 360 cessat
924 336 1197 371 argumentum,
1224 338 1288 364 nec

318 385 389 415 itur
406 379 440 410 in
456 374 643 410 infinitum.-
660 379 743 420 quia
764 374 795 408 in
807 376 903 410 omni
921 374 1047 411 ordine
1065 374 1222 412 standum
1236 376 1287 413 est

318 429 362 467 ad
381 437 487 462 unum
500 452 511 467 ‚
525 423 620 471 quod
632 423 675 459 de
692 423 721 460 se
735 421 774 460 fit
789 425 858 459 ta-le
872 452 882 468 ‚
904 424 937 459 3<
953 437 1020 460 non
1034 437 1096 472 per
1113 427 1212 461 aliud
1232 427 1287 461 di-

313 476 476 515 stinftum
491 501 502 517 ‚
525 484 630 520 atque
643 475 841 513 diversum.
872 475 981 524 Qod
1003 476 1207 512 bonitatem
1229 488 1288 510 ac-

314 526 529 564 cidentalem
545 523 682 571 spestat
699 550 711 566 ‚
726 534 765 560 ut
775 523 1007 571 distinguitur
1023 528 1168 562 realiter
1179 526 1198 562 a
1213 526 1286 560 sub-

310 577 436 626 jefto‚
460 574 557 623 quod
580 575 764 622 supponit,
783 576 815 610 8<
837 579 893 610 cui
923 580 1114 618 convenit,
1140 576 1287 624 &quod

312 627 451 677 perficit
468 653 480 669 ‚
499 625 566 674 ipsa
586 625 636 660 est
649 625 828 662 statuenda
851 626 885 660 in
912 630 1068 669 entitate
1084 653 1095 669 ,
1127 627 1184 662 vel
1197 628 1288 662 enti-

312 679 448 715 tatibus
470 674 641 718 diversis,
667 675 701 710 id
719 673 788 716 est,
812 687 921 710 unum
948 688 1009 711 ens
1037 677 1073 711 in
1100 676 1289 718 selmum,

312 727 548 765 essentialiter:
567 725 601 760 8<
618 734 797 772 quatenus
812 737 884 760 ens:
903 727 1004 763 alteri
1021 734 1288 774 comparatum,

310 778 359 816 est
371 779 502 813 bonum
519 780 550 811 ei
564 775 857 811 accidentaliter:
885 786 925 811 ut
949 776 1051 812 cibus
1068 778 1198 814 dicitur
1223 776 1288 811 bo-

311 841 378 866 nus
406 826 608 869 stomacho,
630 826 663 860 8<
686 826 907 869 comedenti,
929 830 1013 874 quia
1046 827 1158 863 habet
1187 826 1288 874 sapo-

312 891 388 915 rem
403 877 465 912 iibi
482 880 772 911 convenIentem.
803 877 889 911 Haec
913 889 1000 922 ergo
1026 876 1172 913 bonitas
1185 888 1290 912 exur-

311 932 364 977 git
384 940 430 964 ex
448 933 584 973 integra
613 928 862 962 convenientia
877 931 982 962 unius
996 927 1098 961 alteri
1119 938 1128 959 ε
1155 926 1188 960 8(
1217 938 1288 961 non

313 982 344 1016 in
364 979 485 1025 aliquo
504 976 717 1012 indivislbili:
736 986 774 1010 ut
788 976 866 1011 duae
881 977 1016 1024 priores
1035 976 1201 1012 absolutae
1224 978 1290 1012 bo-

311 1035 462 1066 nitates:
490 1040 557 1063 non
572 1025 619 1062 est
634 1037 721 1071 ergo
734 1027 806 1062 haec
822 1025 1056 1063 accidentalis
1071 1027 1213 1063 bonitas
1238 1036 1290 1063 ta-

313 1082 355 1115 lis
370 1091 432 1125 per
448 1078 543 1113 aliud
559 1076 644 1124 quid
659 1076 705 1111 ab
719 1088 760 1112 ea
772 1077 971 1120 diversum,
987 1075 1167 1120 sedentia,
1182 1088 1227 1112 ex
1243 1078 1290 1113 se-

315 1130 392 1180 ipsis
409 1141 489 1163 cum
506 1128 548 1163 ad
566 1131 722 1162 invicem
749 1138 1027 1175 comparantur,
1054 1128 1202 1163 resultat
1215 1127 1291 1163 haec

315 1180 544 1216 accidentalis
559 1206 570 1222 ‚
583 1178 618 1213 8<
633 1177 759 1213 secund
767 1179 842 1214 aria
861 1179 1002 1214 bonitas
1014 1201 1025 1212 .

73 756 195 790 Qiodiih.
213 763 238 784 q-
249 757 287 780 18·

75 791 247 823 §.Dcprimm

483 1278 1004 1317 ARTICULUS
1056 1277 1125 1317 IV.

391 1382 527 1417 Utrum
545 1386 665 1417 omnia
684 1381 747 1417 {int
768 1382 859 1417 bona
887 1382 1051 1418 bonitate
1072 1381 1216 1418 divina.

368 1482 468 1520 Dori.
483 1482 566 1518 locis
580 1485 620 1517 in
633 1484 797 1528 margine
819 1483 963 1518 citatis.
979 1485 1020 1519 S.
1044 1484 1140 1519 Tam.
1162 1490 1239 1529 1-p·

638 1533 750 1582 quaest.
765 1535 799 1568 6.
815 1535 920 1568 artic.
934 1544 968 1580 4.

435 1634 647 1670 IDETUR
661 1634 780 1669 omnia
796 1631 861 1669 effe
878 1634 970 1668 bona
984 1634 1143 1670 bonitate
1158 1633 1292 1669 divina.

449 1685 545 1720 Nam
563 1683 805 1728 Augustinus,
832 1685 863 1720 8.
879 1684 921 1717 de
940 1685 1080 1719 Trinit„
1095 1693 1168 1731 cap.
1183 1697 1212 1731 3.
1227 1696 1293 1719 vo-

82 1752 166 1777 Μνῑῑι.
178 1748 292 1780 ιφςᾲ.
318 1747 375 1771 cat
393 1736 514 1772 Deum
529 1735 658 1769 bonum
673 1738 787 1768 omnis
803 1733 907 1768 boni:
933 1733 1024 1769 Cz'tm
1040 1736 1164 1781 itaque
1177 1736 1295 1777 audis,

75 1787 117 1811 ¹¹³*
134 1788 207 1829 ''UT’‘
244 1783 293 1806 ’Μ
319 1791 489 1833 intimem,
501 1786 626 1819 bamam
638 1784 697 1818 hoc
709 1811 720 1825 ‚
737 1784 776 1824 ᾤ’
794 1783 920 1819 bortum
934 1783 1029 1819 illud
1041 1810 1052 1825 ‚
1066 1795 1140 1830 quae
1149 1785 1294 1830 possunt

74 1823 196 1851 'p'”'‘'''‘³
206 1831 214 1840 ⁸
316 1840 428 1871 etiam
442 1835 536 1869 alias
547 1836 622 1868 dici
634 1844 700 1868 non
715 1833 803 1868 bona
815 1831 866 1876 ,si
870 1836 1036 1881 potueris
1036 1831 1116 1877 stne>
1128 1834 1208 1868 illis
1221 1846 1297 1882 quse

310 1888 599 1934 participatione
608 1883 690 1918 boni
702 1883 789 1918 bona
796 1883 891 1931 sunt
899 1883 1107 1931 perspicere
1113 1884 1229 1930 perse
1243 1885 1298 1920 bo-

317 1947 411 1977 num,
422 1934 654 1982 perspexeris
671 1931 807 1968 Deum:
824 1944 891 1967 non
902 1933 974 1968 alio
987 1934 1070 1968 bono
1083 1932 1298 1981 bonum,sed

318 1987 443 2021 bonum
458 1987 568 2019 omnis
577 1984 678 2018 boni.
706 1983 744 2018 Si
762 1985 876 2028 igitur
892 1983 999 2019 Deus
1014 1982 1062 2020 est
1076 1983 1294 2020 bonumom-

318 2040 371 2072 nis
386 2038 464 2071 boni
483 2062 493 2076 ‚
518 2044 643 2070 caetera
659 2037 777 2070 omnia
792 2033 837 2068 ab
855 2034 927 2081 ipso
940 2060 951 2076 ‚
981 2033 1056 2070 sunt
1079 2033 1171 2070 bona
1197 2035 1297 2071 boni-

317 2097 392 2123 tate
414 2088 538 2122 divina
553 2111 563 2120 .
1009 2093 1012 2095 ’

371 2137 559 2178 Praeterea‚
573 2133 626 2169 Ea
639 2135 802 2170 bonitate
817 2144 944 2170 caetera
956 2135 1074 2170 omnia
1089 2132 1108 2171 a
1125 2134 1208 2172 Deo
1222 2137 1298 2173 sunt

321 2188 412 2222 bona
430 2214 441 2230 ‚
471 2198 538 2233 qua
554 2183 716 2220 detraeia
732 2211 743 2227 ‚
766 2184 824 2221 vel
837 2185 1103 2232 circumieripta
1122 2180 1186 2232 per
1199 2188 1298 2224 intel-

322 2237 451 2273 le5tum
466 2262 476 2277 ,
506 2237 599 2270 bona
628 2234 768 2281 insuper
791 2248 860 2271 non
890 2234 992 2269 sunt:
1016 2234 1072 2270 sed
1106 2236 1297 2272 secundum

320 2288 486 2322 Boetium
499 2313 508 2329 ,
521 2285 563 2320 de
579 2284 881 2321 Hebdomadibus
893 2311 904 2327 ,
919 2283 1152 2332 sipaulifper
1160 2296 1231 2333 per
1244 2290 1298 2321 in-

319 2337 498 2373 tellefflztm
512 2346 670 2370 amoveas
686 2335 805 2381 ipsum
816 2338 980 2382 primum
992 2334 1136 2377 bonum,
1151 2345 1236 2371 tunc
1252 2337 1298 2372 li-

320 2384 456 2430 cetfint
471 2386 570 2427 hona,
584 2395 650 2419 non
664 2393 785 2419 tamen
795 2387 835 2418 in
850 2396 886 2419 eo
901 2384 1090 2432 quodsum
1100 2411 1110 2427 ‚
1123 2396 1230 2421 erunt
1244 2386 1300 2421 bo-

320 2449 397 2483 nag
417 2437 528 2481 igitur
545 2433 712 2480 quicquid
742 2432 790 2469 est
816 2435 948 2470 bonum
964 2461 976 2477 ‚
997 2439 1028 2470 in
1045 2444 1216 2482 quantum
1241 2435 1301 2480 est,

320 2487 480 2522 bonitate
495 2484 618 2519 divina
634 2484 766 2518 bonum
782 2483 851 2519 est.

370 2533 666 2576 Praeterea,Deus
685 2533 734 2569 est
755 2533 866 2580 ipsum
885 2533 1017 2569 bonum
1031 2545 1095 2581 per
1107 2534 1300 2580 essentiam,

317 2594 439 2622 cetera
472 2586 559 2620 vero
572 2610 582 2625 ,
603 2588 636 2618 in
650 2596 693 2619 eo
717 2583 811 2632 quod
827 2584 902 2619 sunt
917 2611 927 2627 ‚
951 2585 1148 2621 bonitatem
1162 2585 1297 2622 habent

273 2657 276 2660 Δ
316 2636 575 2685 participatam
590 2661 600 2677 ‚
626 2643 732 2682 atque
755 2634 909 2682 ejusdem
933 2636 1082 2672 rationis
1097 2647 1178 2671 cum
1198 2636 1302 2672 boni-

318 2696 396 2727 tate
415 2713 425 2729 ,
456 2696 532 2733 quae
548 2684 679 2720 dicitur
696 2696 758 2732 per
771 2683 975 2720 effentiam:
1003 2684 1050 2720 est
1064 2690 1156 2722 enim
1183 2686 1299 2733 perfe-

317 2737 392 2772 etio
409 2735 634 2782 fiznplicitert
664 2739 772 2782 igitur
788 2736 908 2771 omnia
928 2735 1020 2770 bona
1037 2736 1179 2772 causata
1194 2762 1205 2777 ,
1218 2737 1298 2774 sunt

318 2786 408 2822 talia
426 2786 582 2821 bonitate
602 2784 658 2819 illa
689 2786 862 2821 incanam
881 2798 892 2825 ς
918 2782 940 2819 fi
956 2787 1047 2820 enirn
1081 2786 1126 2821 sol
1152 2787 1228 2822 fons
1259 2786 1300 2822 fit

317 2836 434 2872 omnis
448 2836 601 2878 caloris,
612 2836 643 2869 8<
662 2835 766 2878 lucis,
779 2833 941 2884 profefito
957 2845 1104 2879 caeoera,
1120 2840 1152 2871 in
1163 2838 1296 2884 quibus

318 2888 353 2926 &
369 2887 434 2922 lux
449 2911 459 2930 ,
478 2886 510 2920 &
528 2886 627 2921 calor
644 2886 822 2933 reperitur
833 2912 844 2932 2
860 2885 979 2921 lucida
993 2913 1004 2930 ,
1019 2885 1053 2921 &
1069 2886 1179 2923 calida
1194 2897 1299 2926 erunt

319 2938 436 2973 calore
451 2963 461 2980 ‚
479 2948 520 2972 ac
535 2935 670 2973 lumine
690 2936 767 2973 iolis
780 2962 789 2973 .

371 2988 549 3025 CONTRA
565 3013 576 3028 ‚
602 2985 704 3023 Deus
720 2986 754 3020 8(
768 2996 940 3022 creatura
953 2986 973 3024 a
993 2997 1097 3036 parte
1128 2989 1179 3024 rei
1204 2989 1298 3026 adeo

320 3040 396 3075 sunt
409 3039 524 3084 primo
537 3037 691 3080 diveria,
709 3047 747 3073 ut
764 3041 798 3072 in
814 3037 909 3073 nullo
925 3039 1066 3084 prorsus
1082 3045 1299 3077 conveniant

321 3088 506 3125 secundum
523 3087 737 3123 realitatemt
752 3085 773 3121 si
793 3096 915 3123 autem
935 3099 1056 3124 creata
1069 3100 1215 3136 quaeque
1237 3091 1297 3125 bo-

324 3150 370 3173 na
382 3135 487 3173 essent
500 3137 624 3173 divina
643 3138 824 3180 bonitate,
850 3150 920 3173 non
939 3138 1056 3176 forent
1067 3139 1227 3188 profesto
1255 3152 1298 3176 ea

324 3198 488 3222 extrema
515 3190 631 3234 primo
648 3188 810 3231 diversa,
834 3192 907 3223 imo
927 3200 1020 3233 una,
1052 3189 1248 3237 eademque
1263 3194 1298 3226 in

322 3237 501 3285 utriusque
513 3236 684 3276 existeret
701 3238 847 3275 realitas
860 3239 1030 3276 bonitais
1045 3267 1054 3275 .

374 3287 611 3323 Responio
654 3288 840 3324 dicendum
856 3301 866 3331 ς
896 3301 938 3325 ea
955 3316 965 3331 ,
995 3301 1072 3336 quae
1100 3289 1193 3326 fasta
1223 3290 1297 3326 sunt

322 3337 417 3373 haud
435 3336 501 3372 effe
522 3337 615 3372 bona
631 3337 756 3374 divina
788 3338 945 3375 bonitate
958 3366 969 3382 ‚
986 3352 1055 3388 qua
1070 3340 1130 3374 tali
1148 3353 1166 3381 ς,
1183 3345 1292 3387 parti-

322 3391 440 3434 cipare
455 3397 572 3422 tamen
587 3387 746 3423 divinam
769 3388 985 3429 bonitatem,
1002 3400 1042 3425 ut
1058 3388 1201 3425 effeetus
1214 3401 1296 3425 cau-

322 3438 390 3474 sam
402 3464 413 3480 ,
429 3438 462 3471 in
491 3449 561 3484 qua
577 3437 634 3472 illa
658 3437 885 3480 virtualiter,
899 3437 931 3472 81
961 3443 1153 3476 eminenter
1180 3444 1295 3474 conti-

320 3497 463 3522 nentur.
481 3486 528 3522 Et
543 3492 693 3536 primum
706 3487 848 3534 quidem
861 3487 1064 3524 declaratur
1078 3503 1088 3530 ς
1103 3492 1187 3536 quia
1200 3501 1296 3524 crea-

320 3548 406 3573 turae
422 3549 546 3573 omnes
564 3549 631 3571 non
648 3536 722 3572 sunt
735 3535 836 3572 fastae
848 3537 890 3584 ‚(
909 3550 973 3573 nec
987 3538 1061 3573 sane
1075 3537 1150 3573 fieri
1165 3538 1293 3585 potuis-

319 3587 424 3634 sent)
440 3587 482 3623 de
504 3588 575 3623 Dei
592 3585 781 3623 substantia
795 3614 806 3630 ‚
823 3586 856 3621 &
871 3587 1056 3629 bonitate,
1073 3588 1128 3622 sed
1143 3587 1187 3624 de
1205 3588 1294 3623 nihi-

317 3638 351 3671 lo
364 3664 374 3672 .
403 3636 502 3673 Nam
518 3639 673 3685 alioquin
693 3636 889 3673 neccssariae
903 3635 1018 3673 forent
1030 3663 1041 3678 ‚
1058 3637 1091 3672 &
1108 3649 1244 3673 aezernae
1259 3638 1292 3674 8<

316 3686 474 3723 Creator
493 3688 538 3723 ab
557 3688 613 3723 his
626 3685 839 3733 dependeret
859 3698 921 3733 per
939 3685 1170 3724 necessariam
1189 3687 1291 3723 habi·

314 3737 473 3772 tudinem
489 3764 497 3772 .
526 3738 688 3773 Potentia
705 3737 798 3772 enim
824 3735 956 3772 infinita
974 3736 1152 3774 duntaxat
1172 3747 1237 3782 per
1262 3737 1292 3772 {e

316 3798 482 3822 movetur
497 3788 542 3821 ab
565 3786 708 3835 objceto
727 3785 890 3829 infinito,
916 3785 962 3821 ab
986 3786 1065 3821 aliis
1091 3797 1181 3821 vero
1198 3786 1293 3823 nulla

313 3839 450 3873 ratione
477 3841 643 3881 moveri,
667 3837 899 3874 &immutari
927 3834 1042 3884 potest
1073 3862 1084 3879 ‚
1105 3835 1161 3872 sed
1183 3835 1295 3873 fertur

78 2186 161 2211 insist,
174 2195 221 2215 φη.
234 2188 295 2214 5.V.

75 2220 216 2244 Adducam-
261 2220 293 2243 ad

76 2251 116 2277 hoc
128 2254 277 2283 Augxfflz'nus
288 2268 296 2276 .

75 2571 162 2596 mina.
180 2572 205 2596 ε.
223 2578 247 2601 q.
265 2579 291 2601 4.

78 3034 101 3056 i·
109 3031 164 3056 dist·
175 3032 198 3056 8.
207 3040 232 3063 q.
241 3039 265 3064 3.

77 3341 205 3377 'videndus
220 3354 296 3377 artic·

79 3387 102 3409 6.
113 3393 138 3418 q.
150 3387 187 3411 16.

81 3485 213 3525 Dererum
224 3491 295 3518 prin-

77 3527 140 3545 CiPio
149 3530 200 3553 φφ
215 3529 293 3547 arto„

76 3551 133 3580 scil.
143 3560 224 3582 hem·
233 3561 293 3586 σς.

80 3731 100 3748 ι.
110 3726 162 3751 din.
173 3729 221 3759 aq.
233 3738 254 3759 ς.
268 3734 290 3757 a<

77 3765 96 3786 ς.
109 3766 130 3782 2·

2235 211 2326 274 79

1361 278 1460 327 super
1478 279 1554 322 illa,
1584 284 1719 314 ratione
1745 281 1844 329 ejus,
1875 277 1971 328 quod
1998 289 2060 326 per
2083 279 2136 323 fe,
2162 279 2332 317 &ncces-

1362 331 1454 366 sario
1466 328 1604 374 respicit
1618 355 1626 362 .
1652 329 1746 363 Cum
1767 337 1874 377 igitur
1895 340 2066 365 creaturae
2081 343 2208 367 omnes
2225 330 2331 369 finitae

1363 380 1407 415 ab
1425 378 1613 414 intrinseco
1627 376 1691 413 lint
1702 405 1711 419 ‚
1726 384 1806 426 quia
1824 380 1986 417 omnibus
2002 379 2094 415 deest
2108 381 2237 428 aliquis
2249 395 2332 430 gra·

1362 430 1430 466 dus
1445 426 1675 475 perfeetionis
1691 454 1700 467 ,
1730 441 1903 477 qnatenus
1922 434 2020 467 entia
2039 428 2137 472 sunt3
2169 437 2224 466 cui
2242 434 2332 468 scili-

1363 489 1422 515 cet
1435 482 1566 514 rationi
1582 479 1673 513 entis
1687 488 1727 511 ea
1747 479 1915 524 perfcfftio
1929 491 1996 514 non
2011 492 2333 529 repugnaregpro.

1361 530 1455 566 feao
1473 539 1538 564 nec
1556 525 1745 562 necessario
1763 529 1941 572 prodii-§tae
1968 530 2042 566 sunt
2057 557 2066 571 ,
2097 543 2159 566 nec
2184 533 2228 566 de
2254 533 2329 566 sub-

1362 579 1488 615 stantia
1503 605 1514 620 ‚
1539 578 1571 612 8<
1597 578 1755 612 bonitate
1772 577 1843 612 Dei
1861 593 1871 619 ς
1900 578 1959 613 cisi
1977 583 2081 623 igitur
2095 584 2210 616 omnia
2223 608 2233 623 ‚
2256 594 2331 630 quae
2377 593 2382 598 ·

1362 631 1465 672 sunt,
1483 629 1575 663 bona
1590 626 1657 661 fint
1669 652 1680 668 ‚
1703 638 1824 661 eorum
1847 640 1962 663 tamen
1978 629 2113 664 bonitas
2126 636 2246 677 nequit
2263 632 2329 667 effe

1364 681 1508 716 bonitas
1525 677 1651 714 divina
1664 703 1673 718 ‚
1688 678 1771 723 quia
1792 677 1863 713 haec
1880 678 2068 714 necessaria
2086 707 2096 721 ‚
2116 693 2240 717 aeterna
2255 709 2266 723 ‚
2281 686 2331 716 in-

1363 738 1509 772 creata,
1529 727 1563 762 8<
1590 726 1722 762 infinita
1751 727 1816 762 est:
1839 728 1892 763 sed
1917 727 1966 765 est
1988 729 2124 765 bonitas
2144 741 2190 765 ex
2220 732 2332 766 nihilo

1362 790 1484 817 creata
1501 806 1512 822 ‚
1544 781 1752 823 contingens
1777 804 1788 819 ‚
1815 777 1993 814 diminuta
2017 805 2027 819 ‚
2057 778 2089 812 8<
2112 779 2334 825 imperfeeia‚

1363 833 1546 868 imitativa
1563 827 1706 875 quidem
1723 828 1798 873 ejus
1817 829 1990 864 bonitatis
2003 856 2012 871 ‚
2027 840 2102 875 qua:
2121 831 2153 863 in
2173 829 2256 866 Deo
2271 828 2334 871 est,

1363 881 1420 920 sed
1438 883 1576 916 interim
1594 877 1680 912 nihil
1694 877 1830 912 habens
1851 889 2037 915 commune
2054 890 2134 913 curn
2151 879 2202 913 illa
2219 904 2229 920 ,
2253 880 2335 914 cum

1363 944 1426 980 per
1440 929 1649 966 infinitatem
1664 926 1708 962 ab
1721 939 1762 962 ea
1777 926 1903 964 distet.
1931 927 2014 964 Non
2036 928 2110 965 sunt
2126 940 2212 976 ergo
2238 941 2334 966 crea-

1365 992 1445 1028 ture²
1460 980 1547 1026 bone
1566 979 1727 1014 bonitate
1745 976 1866 1014 divina
1881 1003 1891 1013 .

1415 1031 1567 1071 Verum,
1580 1031 1660 1076 quia
1680 1028 1811 1064 bonum
1830 1028 1941 1074 ipsum
1954 1040 2018 1075 per
2027 1027 2204 1068 essentiam
2217 1056 2228 1072 ,
2254 1041 2337 1065 cau·
2369 1046 2461 1071 ΝΜ,
2478 1053 2583 1078 4,,Μ,

1364 1081 1396 1117 sa
1410 1079 1459 1117 est
1479 1106 1489 1120 ‚
1509 1092 1572 1115 cur
1588 1079 1651 1114 fint
1667 1087 1784 1126 cetera
1810 1079 1856 1114 ab
1882 1078 1976 1125 ipsc»,
2002 1089 2045 1112 ac
2061 1078 2151 1113 bona
2169 1078 2255 1121 fint3
2283 1079 2336 1113 di-
2367 1077 2448 1104 lam.

1364 1138 1467 1167 cente
1481 1129 1706 1177 Augustin03
1723 1126 1826 1179 Qu
1842 1128 1939 1165 Deus
1952 1130 2059 1163 honus
2074 1128 2278 1175 est‚sum;cs:
2298 1130 2337 1169 <⁷3⁸

1364 1185 1405 1218 in
1418 1179 1958 1231 quamamsu2nm·‚bm2'ficmus:
1971 1180 2042 1213 nde
2053 1179 2335 1227 definiaChrzst.

1364 1233 1438 1280 caf-
1455 1243 1508 1280 32.
1523 1230 1684 1278 profe5to
1698 1257 1708 1271 ‚
1733 1229 2032 1275 quemadmodum
2050 1227 2214 1265 dicuntur
2229 1230 2296 1264 alia
2317 1229 2337 1266 a

1366 1282 1455 1319 Deo
1472 1282 1559 1328 este,
1580 1292 1625 1317 ex
1642 1281 1796 1316 bonitate
1811 1279 1931 1314 divina
1949 1307 1960 1321 ‚
1986 1283 2035 1313 ita
2055 1279 2087 1314 ἃ
2104 1278 2202 1315 reste
2222 1281 2337 1326 appel-

1364 1334 1483 1368 lantur
1498 1333 1586 1367 bona
1605 1332 1727 1365 eadem
1745 1330 1905 1365 bonitate
1921 1329 2038 1364 divina
2057 1343 2065 1370 3
2089 1341 2156 1364 non
2185 1329 2277 1376 quasi
2293 1329 2335 1364 fit

1365 1384 1478 1419 forma
1507 1390 1774 1422 creaturarum,
1801 1378 1856 1414 sed
1873 1384 1989 1425 magis
2009 1379 2111 1414 causa
2135 1380 2233 1426 ejus,
2261 1391 2337 1428 quae

1366 1438 1401 1470 in
1422 1432 1503 1481 ipsis
1518 1431 1589 1474 est,
1608 1432 1797 1466 bonitatis.
1831 1427 2015 1477 Quamvis
2034 1432 2127 1464 enim
2145 1430 2246 1465 Deus
2264 1429 2335 1464 effi-

1366 1488 1437 1520 ciat
1453 1484 1574 1519 omnia
1592 1493 1651 1528 per
1669 1479 1872 1516 immensam
1899 1479 2111 1526 potestatem
2127 1506 2136 1521 ‚
2159 1480 2191 1514 8<
2207 1480 2337 1524 sapien·
2372 1471 2588 1535 Ξζξῇζωέἷξῗῖ·

1366 1539 1453 1571 tiam
1466 1561 1477 1576 ‚
1505 1545 1617 1581 prima
1633 1531 1860 1567 nihilominus
1878 1534 1970 1564 ratio
1987 1528 2279 1573 causalitatisest‚
2293 1529 2337 1564 ad
2361 1523 2544 1568 ficffsszssssissr'j
2563 1523 2583 1531 ‘⁵

1366 1598 1472 1634 quam
1492 1582 1624 1631 “pceiat
1643 1587 1738 1616 ratio
1757 1581 2154 1615 communicabilitatis:
2183 1581 2254 1614 liaec
2279 1593 2340 1615 au-

1368 1648 1442 1673 tem
1462 1638 1555 1669 ratio
1572 1632 1620 1669 est
1639 1633 1721 1667 boni
1739 1659 1749 1674 ‚
1776 1634 1806 1664 in
1824 1640 1995 1676 quantum
2017 1631 2148 1664 bonum
2162 1657 2170 1667 .
2203 1631 2340 1666 Volun-

1366 1698 1422 1724 tas
1441 1689 1550 1731 igitur
1573 1685 1694 1719 divina
1722 1679 1853 1715 infinite
1876 1681 2016 1728 quidem
2045 1690 2172 1724 potens
2188 1678 2260 1722 est,
2285 1679 2341 1716 sed

1367 1739 1447 1785 quia
1464 1734 1597 1771 infinite
1614 1734 1717 1772 bona,
1736 1733 1882 1776 largitur
1896 1733 1959 1777 este
1972 1757 1981 1772 ‚
2000 1730 2031 1764 ἃ
2049 1730 2247 1765 bonitatem
2264 1732 2340 1766 aliis

1368 1787 1534 1824 omnibus
1553 1783 1571 1819 ἐι
1590 1784 1635 1818 se:
1651 1793 1693 1817 ac
1706 1781 1852 1829 proinde
1867 1790 1987 1817 creata
2003 1778 2130 1815 cuneta
2149 1780 2182 1814 8<
2202 1780 2290 1823 sunt,
2306 1780 2340 1814 8<

1370 1839 1461 1874 bona
1479 1835 1552 1870 sunt
1568 1833 1728 1869 bonitate
1745 1831 1888 1871 divina,
1901 1841 2069 1878 tanquam
2084 1835 2243 1867 omnium
2259 1843 2342 1867 cau·
2372 1861 2468 1886 de
2516 1871 2531 1884 a
2571 1870 2593 1878 ..

1371 1888 1416 1930 sa,
1430 1885 1487 1921 vel
1502 1888 1615 1932 prima
1633 1886 1765 1917 ratione
1780 1880 2009 1917 carnalitatis,
2024 1880 2119 1915 Cum
2132 1887 2220 1916 enim
2238 1880 2343 1918 Deus
2374 1881 2422 1918 mse.
2434 1877 2507 1919 1212».
2521 1878 2559 1927 ¹1⁸4.
2571 1880 2582 1885 ”

1371 1937 1507 1973 habeat
1527 1934 1702 1969 infinitam
1720 1931 1890 1966 rationem
1904 1929 2129 1976 perfeetionis
2142 1958 2151 1972 ‚
2165 1930 2212 1966 est
2227 1934 2343 1966 imita-

1371 1988 1452 2023 bilis
1472 1985 1516 2021 ab
1532 1985 1627 2019 omni
1642 1989 1824 2024 creatura,
1843 1992 1918 2017 tam
1933 1979 2026 2016 faeta
2041 2008 2051 2022 ,
2067 1980 2172 2027 quam
2187 1980 2346 2027 possibili,

1370 2048 1434 2074 nec
1459 2029 1605 2076 omnes,
1630 2035 1793 2078 quamvis
1820 2031 1934 2067 forent
1958 2029 2095 2065 infinita:
2131 2031 2346 2067 exhauriunt

1370 2085 1504 2135 gradus
1535 2082 1729 2119 imitabiles
1753 2092 1798 2117 ex
1823 2093 1921 2128 parte
1941 2080 2033 2123 Dei3
2062 2080 2145 2116 ficut
2166 2085 2278 2126 igitur
2293 2082 2344 2117 se-

1372 2134 1524 2173 cundum
1550 2132 1684 2181 gradus
1714 2131 1871 2168 diverios
1892 2159 1902 2174 ‚
1930 2131 2027 2165 illum
2055 2134 2266 2172 imitantur3
2296 2135 2346 2167 ita

1374 2188 1451 2224 sunt
1466 2213 1476 2228 ‚
1496 2184 1529 2219 ἃ
1544 2177 1747 2224 δοηεΐυηῑς
1769 2194 1832 2218 nec
1852 2181 1949 2216 aliud
1967 2179 2015 2216 est
2032 2184 2247 2229 participare
2270 2184 2347 2229 este,

1373 2239 1406 2273 8<
1426 2237 1582 2282 reliquas
1600 2231 1830 2280 perfeetiones
1845 2233 1945 2267 abeo
1962 2259 1972 2272 ‚
1995 2234 2054 2278 qui
2079 2230 2186 2267 habet
2213 2231 2278 2278 effe
2299 2243 2347 2267 ex

1373 2288 1404 2324 se
1429 2314 1439 2330 ‚
1465 2285 1498 2320 8<
1528 2283 1784 2332 plenitudinem
1821 2286 1935 2317 omnis
1977 2280 2230 2327 perfcftioni83
2256 2282 2346 2317 unde

1372 2337 1492 2374 omnia
1522 2343 1776 2376 comparantur
1794 2332 1836 2366 ad
1856 2332 1974 2369 Deum
1990 2358 1999 2373 ‚
2035 2340 2072 2364 ut
2087 2330 2288 2367 artificialia
2301 2331 2347 2366 ad

1373 2385 1576 2427 artificem3
1601 2382 1690 2418 ficut
1718 2382 1879 2418 scribitur
1895 2383 2067 2430 sapientiae
2085 2393 2117 2427 7.
2134 2384 2287 2416 omnium
2299 2381 2349 2429 est

1352 2454 1355 2457 ·
1373 2436 1515 2482 artifex
1529 2463 1539 2478 ‚
1552 2445 1682 2470 omnem
1697 2431 1827 2467 hahens
1838 2435 2015 2468 virturem
2026 2458 2035 2468 .

1425 2489 1488 2523 An
1507 2487 1733 2521 ARGUMEN]
1749 2482 1849 2518 Α.Αά
1866 2487 2029 2530 primum,
2042 2481 2202 2518 concedo
2223 2481 2344 2518 Deum

1372 2536 1436 2574 effe
1452 2539 1583 2572 bonum
1602 2534 1720 2569 omnis
1739 2534 1833 2575 boni,
1852 2533 1905 2568 seu
1929 2533 2056 2568 bonum
2075 2543 2136 2579 per
2152 2532 2343 2575 essentiam3

1369 2599 1412 2624 eo
1424 2586 1520 2634 quod
1537 2586 1580 2621 ab
1600 2597 1663 2626 eo,
1695 2593 1732 2618 ut
1748 2584 1780 2618 ·;“ι
1807 2582 1909 2619 causa
1923 2609 1933 2624 ‚
1959 2581 2021 2619 fint
2043 2593 2169 2617 caetera
2192 2583 2282 2617 bona
2295 2609 2306 2624 ‚
2322 2581 2343 2617 a

1369 2638 1499 2685 quibus
1520 2635 1689 2671 omnibus
1712 2637 1900 2674 imitatur,
1927 2643 2102 2679 quatenus
2132 2632 2261 2668 habent
2278 2633 2342 2667 ali·

1368 2699 1475 2736 quem
1490 2685 1641 2733 gradum
1656 2683 1808 2726 essendi,
1834 2683 1865 2718 8<
1881 2682 2051 2718 bonna-:is
2065 2693 2111 2716 ex
2128 2681 2273 2717 infinitis
2286 2694 2340 2718 re-

1369 2739 1479 2786 pertis
1495 2743 1528 2771 in
1551 2736 1628 2776 illo,
1642 2737 1702 2782 qui
1717 2734 1765 2771 est
1781 2746 1842 2781 per
1855 2732 2030 2769 essentiam
2052 2733 2143 2768 suam
2158 2759 2165 2766 .
2195 2731 2338 2768 Etcum

1369 2788 1458 2824 dicit
1476 2785 1717 2832 Augustinus,
1736 2784 1758 2820 s1
1785 2784 1909 2830 abique
1935 2783 2133 2818 rationibus
2155 2783 2337 2828 peculiari-
2376 2792 2591 2822 1.ciiii.r-‹i,.=§.

1369 2839 1436 2874 bus
1458 2836 1758 2884 participantibus
1776 2839 1983 2877 intueatur,
2011 2833 2068 2868 vel
2097 2831 2338 2868 consideretur
2366 2830 2591 2886 fflfss’ssmifi]

1369 2889 1501 2924 bonum
1515 2915 1525 2929 ‚
1543 2891 1576 2925 in
1591 2899 1633 2922 eo
1650 2886 1798 2931 intelligi
1813 2912 1824 2927 ‚
1850 2886 1904 2918 seu
1921 2881 2067 2930 perspici
2094 2883 2233 2918 Deam.
2262 2881 2335 2918 Re·
2369 2873 2550 2928 juggaerssum'.

1366 2937 1543 2986 spondeo,
1578 2936 1663 2973 illud
1681 2937 1832 2976 bonurn,
1857 2933 1959 2981 cujus
1975 2934 2248 2982 participatione
2268 2933 2339 2967 alia

1366 2989 1458 3025 bona
1477 2988 1572 3029 sunt,
1605 2986 1746 3037 quodve
1760 2985 1990 3029 intelligitur,
2018 2982 2245 3026 intelligendo
2271 2984 2339 3017 hoc

1368 3039 1519 3080 bonum,
1551 3040 1606 3074 vel
1624 3036 1708 3072 illud
1729 3050 1739 3079 ς
1766 3033 1878 3083 potest
1896 3038 1978 3081 poni
2002 3034 2055 3068 vel
2074 3032 2266 3068 universale
2295 3032 2339 3066 ad

1365 3092 1483 3124 omnia
1503 3090 1614 3130 bona3
1638 3085 1859 3131 &tuncejus
1885 3086 2156 3131 participatione
2180 3083 2251 3117 lunt
2271 3087 2339 3118 aiii

1367 3138 1483 3180 bona,
1508 3137 1607 3172 ficuti
1631 3136 1797 3172 inferiora
1827 3137 2038 3182 participant
2066 3133 2241 3178 superius.
2272 3133 2341 3169 Vel

1366 3188 1479 3236 potest
1507 3188 1653 3233 intelligi
1686 3187 1813 3221 bonum
1842 3197 1904 3231 per
1922 3183 2122 3224 essentiam,
2147 3185 2246 3228 cujus
2263 3210 2273 3225 ‚
2303 3195 2341 3218 ize

1366 3239 1497 3280 causat,
1524 3240 1790 3283 participatione
1809 3234 1876 3269 alia
1891 3234 1978 3268 bona
2000 3232 2071 3267 sunt
2088 3259 2097 3274 ‚
2122 3233 2153 3266 S<
2169 3244 2252 3267 tunc
2270 3237 2337 3268 titi-

1365 3300 1434 3335 que
1454 3287 1677 3332 intclligendo
1694 3283 1778 3320 illud
1792 3283 1925 3318 bonum
1939 3310 1949 3325 ‚
1978 3282 2189 3328 intelligitur
2209 3283 2337 3317 boumn

1365 3350 1428 3386 per
1443 3338 1646 3379 essentiam,
1675 3339 1707 3370 in
1722 3333 1909 3371 universali
1928 3337 2066 3369 ratione
2082 3334 2262 3367 bonitatis:
2278 3345 2337 3377 pe-

1364 3387 1465 3424 rinde
1479 3400 1519 3423 ac
1535 3384 1762 3431 intelligendo
1791 3383 1857 3418 hoc
1873 3395 1956 3423 cns,
1983 3382 2191 3428 intelligitur
2218 3394 2278 3417 ens
2304 3385 2337 3418 in

1363 3437 1548 3474 univer-lali
1563 3463 1573 3478 ‚
1602 3446 1640 3470 ut
1656 3445 1737 3480 pars
1759 3441 1955 3479 conceptus
1970 3459 1978 3467 .
2007 3432 2103 3466 (Etim
2130 3433 2242 3478 igitur
2258 3432 2334 3467 iub-

1359 3488 1416 3522 dit
1428 3486 1487 3531 ,st
1488 3488 1652 3534 potueris
1665 3483 1870 3530 perspicere
1882 3483 1998 3529 pers?
2011 3482 2135 3516 bon-um
2148 3483 2211 3517 ἃς.
2228 3482 2261 3516 id
2275 3482 2334 3524 est,

1358 3536 1380 3573 fi
1401 3537 1531 3574 bonum
1547 3563 1558 3578 ‚
1576 3534 1672 3581 quod
1695 3533 1921 3579 cognoscitur
1939 3537 1968 3567 in
1986 3533 2199 3574 universali,
2212 3537 2332 3567 conci-

1359 3599 1478 3634 piatur
1493 3598 1573 3620 cum
1593 3585 1657 3619 hac
1675 3582 1972 3618 determinatione
1989 3584 2131 3629 perse,
2147 3586 2268 3629 utique
2281 3584 2332 3617 in-

1357 3637 1526 3683 telligitur
1552 3635 1654 3670 Deus
1671 3660 1681 3675 ‚
1713 3644 1781 3667 non
1799 3632 1903 3666 solum
1921 3636 1951 3667 in
1969 3642 2145 3677 conceptu
2169 3644 2331 3667 commu—

1356 3689 1390 3723 ni
1407 3713 1417 3728 ‚
1444 3687 1545 3722 sedin
1558 3693 1735 3729 conceptu
1763 3682 1930 3728 proprio:
1951 3681 2076 3716 bonum
2093 3686 2186 3717 enim
2201 3683 2330 3730 perse,

1354 3735 1402 3770 est
1426 3735 1534 3782 ipsum
1554 3734 1684 3769 bonum
1713 3744 1774 3779 per
1801 3730 1979 3768 essentiam
1995 3759 2005 3773 ‚
2033 3731 2129 3779 quod
2147 3731 2193 3768 est
2212 3732 2328 3770 Deus.

1354 3787 1412 3821 Ac
1433 3784 1584 3833 proinde
1598 3787 1764 3830 quoniam
1781 3783 1880 3817 bonis
1892 3786 2019 3817 creatis
2031 3809 2041 3824 ‚
2055 3793 2096 3817 ac
2110 3788 2331 3830 participan-

1352 3836 1447 3872 tibus
1474 3836 1560 3873 illud
1588 3836 1719 3871 bonum
1751 3834 1931 3870 intrinsece
1956 3844 2129 3881 repugnat
2163 3834 2329 3882 ejusmodi

2197 3895 2282 3919 con·
