2666 4109
95 2485 225 2518 Logicalia
252 2491 307 2515 quat

96 2521 144 2546 Pro
178 2518 307 2544 solutione

98 2553 175 2582 primi
186 2552 310 2577 &secun-

93 2585 121 2610 «ii
131 2585 257 2612 aDofiorc
264 2584 310 2608 :id-

697 160 916 227 Tomus
932 156 974 225 I.
988 157 1150 226 Pars
1171 160 1212 226 1.
1229 158 1497 252 Quaestio
1508 157 1668 226 X111.
1683 163 1829 230 Art.
1847 162 2007 232 X111.

330 254 384 285 nis
403 261 472 285 non
489 251 635 284 causant
666 249 874 286 sufficienter
897 255 1059 289 notitiam
1084 252 1180 287 illius
1207 263 1302 287 com-

326 299 500 345 plexionis
514 326 523 339 ,
545 297 605 332 nisi
622 310 663 333 ea
683 301 887 347 complexio
902 299 942 335 lit
971 301 1177 337 immediata
1190 327 1201 344 ,
1223 312 1303 348 quae

325 353 491 383 nimitum
506 358 586 384 nata
600 348 640 383 fit
659 349 824 395 cognosci
839 361 888 385 ex·
897 352 1062 388 terminis
1075 349 1181 397 ipsius
1197 376 1205 383 .
1222 349 1301 387 Sed

328 396 532 444 complexio
542 401 754 445 contingens
777 412 844 435 non
868 399 916 436 est
948 410 1029 437 nata
1064 400 1226 447 cognosci
1253 411 1300 435 ex

329 446 490 483 terminis
505 451 610 493 3quia
624 458 708 484 tunc
718 461 786 485 non
804 454 1035 495 contingens,
1060 450 1114 486 sed
1144 448 1300 486 necessa-

328 501 380 532 ria
404 496 507 538 esset,
532 498 719 545 &insuper
735 505 846 545 prima
862 528 872 543 ‚
894 500 925 535 8<
940 499 1143 536 immediata
1162 512 1172 542 ς
1199 499 1298 545 quod

328 546 377 583 est
394 547 492 594 plane
507 545 628 583 falsum
643 576 651 583 .
670 548 767 584 Nam
785 549 996 587 Antichristi
1012 548 1296 589 futuritio‚cum

327 596 532 643 simpliciter
548 598 647 644 possit
662 611 733 634 non
753 599 818 635 csse
832 625 842 640 ‚
861 612 927 635 non
943 599 992 636 est
1005 599 1152 636 evidens
1167 610 1210 634 ex
1226 598 1299 634 te‘r-

330 648 460 687 minis3
479 660 564 693 ergo
576 660 641 682 nec
661 649 906 695 cognoscibilis
923 663 970 688 ex
982 649 1182 688 rationibus
1196 647 1296 684 idea-

330 709 406 732 rum
419 725 428 732 .
448 697 529 732 Alia
556 702 661 742 igitur
673 702 811 735 ratione
823 726 833 740 ‚
845 711 885 734 ac
900 701 1007 737 modo
1023 699 1296 736 existimandum

328 746 376 783 est
393 773 403 788 ‚
420 746 540 782 Deum
570 748 699 783 habere
728 748 937 786 verissimam
960 752 1135 786 scientiam
1164 749 1301 786 futuro·

328 807 407 832 rum
422 823 431 832 .
447 795 635 846 Qioniam
660 809 747 843 ergo
763 798 805 834 ab
831 798 911 835 astu
931 800 1131 837 intellectus
1153 799 1297 842 divini,

275 854 280 860 ”
326 847 729 895 quatenusintelsgitur
743 849 939 895 praecedere
956 851 1073 888 aequm
1099 850 1299 887 voluntatis

328 899 423 937 nulla
452 897 658 942 esl‘e3potest
678 902 923 944 contingentia
943 904 975 937 in
1005 900 1135 943 rebus,
1164 903 1301 948 nequit,

329 949 489 999 profeaefto
513 947 578 985 esse
612 951 823 997 principium
846 950 1047 987 futurorum
1070 964 1081 993 ς
1109 954 1190 999 quia
1215 962 1300 987 tune

314 1002 402 1037 rhaec
426 1013 493 1036 non
531 999 646 1034 forent
671 998 900 1037 essentialiter
927 1006 1172 1049 contingentia
1189 1028 1200 1044 ‚
1242 1001 1299 1038 sed

329 1057 446 1099 magis
461 1055 643 1086 evenirent
657 1050 812 1085 naturali
829 1050 1026 1088 necessitate
1047 1065 1055 1086 :
1082 1051 1215 1088 nullum
1232 1055 1300 1097 igi-

329 1098 450 1138 turest
469 1102 626 1136 futurum
640 1125 651 1141 ‚
679 1099 738 1135 nisi
759 1099 777 1136 a
794 1104 906 1147 prima
923 1102 1022 1138 causa
1039 1101 1147 1138 libera
1171 1100 1301 1137 futuri-

330 1158 383 1190 tio
400 1151 576 1188 sta‘uitur
588 1176 597 1184 .
616 1151 739 1186 Habet
755 1153 875 1198 itaque
892 1149 997 1187 Deus
1010 1152 1188 1188 scientiam
1205 1151 1302 1186 infal-

330 1203 462 1239 libilem
475 1202 677 1242 futurorum
689 1227 702 1244 ,
717 1200 776 1237 vel
792 1210 971 1247 quatenus
985 1201 1182 1238 intelleftus
1202 1201 1302 1237 videt

331 1253 664 1290 determinationem
679 1251 875 1287 voluntatis
888 1279 899 1294 ‚
923 1261 963 1287 ut
981 1251 1241 1288 Antichristum
1255 1251 1303 1286 fo-

331 1315 371 1340 re
386 1315 451 1350 pro
465 1299 738 1337 talidifferentia
758 1302 959 1347 temporis;
987 1302 1021 1337 &
1040 1305 1124 1348 quia
1142 1306 1241 1338 novit
1259 1303 1302 1336 il-

331 1355 402 1389 lam
419 1353 644 1388 voluntatem
661 1349 725 1386 esse
741 1351 1020 1394 immutabilem,
1047 1352 1080 1388 8<
1094 1364 1161 1388 non
1184 1356 1301 1395 impe·

315 1396 476 1439 dibilem
492 1429 504 1446 ‚
524 1401 777 1447 consequenter
797 1399 981 1436 certislime
1004 1402 1064 1437 scit
1091 1400 1302 1439 Antichristi

331 1463 441 1501 atque
453 1450 710 1493 consimilium,
740 1449 987 1486 futuritionem
1020 1477 1031 1486 .
1056 1453 1125 1488 Vel
1144 1480 1154 1491 ,
1178 1451 1200 1486 fi
1230 1451 1303 1487 haec

330 1503 527 1550 explicatio
546 1505 658 1536 minus
676 1501 794 1547 placet
812 1528 822 1543 ‚
856 1511 1046 1547 propterea
1064 1503 1160 1549 quod
1178 1503 1303 1538 exinde

331 1553 460 1591 adstrui
479 1550 647 1588 videatur
662 1552 695 1585 in
713 1549 893 1586 intelleclu
914 1551 1041 1586 divino
1060 1554 1221 1599 aliqualis
1252 1553 1304 1587 di.

331 1604 466 1641 scursus
479 1629 491 1645 ,
511 1600 606 1648 quasi
626 1610 673 1636 ex
688 1601 981 1636 immutabilitate
1009 1603 1206 1640 voluntatis
1223 1614 1304 1638 con·

334 1652 499 1690 eluderet
519 1660 621 1686 certo
648 1661 764 1684 rerum
790 1650 1062 1688 futuritionem.
1091 1652 1150 1689 Est
1181 1656 1304 1699 aptior

332 1700 460 1740 modus
472 1699 676 1737 declarandi
695 1699 878 1735 scientiam
896 1700 964 1736 Dei
982 1701 1142 1747 respefitu
1167 1706 1305 1738 contin-

333 1755 502 1802 gentium
524 1749 726 1786 futurorum
743 1776 752 1785 .
772 1748 873 1785 Nam
889 1751 1069 1787 intellectu
1086 1752 1210 1788 divino
1227 1761 1304 1800 per-

333 1803 492 1840 vadente
509 1800 627 1837 omnia
643 1799 880 1844 intelligibilia
894 1827 905 1843 ‚
923 1800 967 1834 ad
982 1812 1059 1848 quae
1075 1801 1305 1849 intelligenda.

331 1857 500 1899 imprimo
513 1850 608 1897 signo
622 1858 745 1885 movet
762 1849 883 1886 divina
901 1849 1043 1888 essentia
1077 1852 1152 1899 post
1168 1852 1303 1898 proces-

342 1904 473 1940 sionem
489 1902 604 1936 tert‘ae
622 1899 770 1945 pei-sone
783 1899 910 1934 divinae
923 1927 933 1943 ‚
957 1903 1076 1936 omnia
1105 1903 1161 1938 illa
1178 1903 1306 1938 volun-

331 1951 649 1998 tati-objiciuntur:
663 1962 703 1984 ea
718 1958 837 1985 autem
854 1962 917 1996 pro
930 1950 988 1985 sua
1005 1951 1141 1988 infinita
1161 1954 1305 1988 liberta-

333 2011 369 2041 te
398 1999 556 2049 respeflu
583 1998 794 2035 fastibilinm
810 2026 820 2041 ,
855 2000 1071 2037 decernente
1102 2002 1156 2037 his
1182 2003 1215 2038 8<
1237 2003 1307 2038 illis

333 2053 418 2091 dare
431 2052 679 2087 futuritionem
695 2061 760 2096 pro
775 2061 841 2085 una
853 2077 862 2093 ‚
887 2060 950 2085 aut
965 2051 1076 2088 altera
1101 2051 1306 2089 differentia

334 2105 527 2151 temporis,
543 2100 637 2135 illico
651 2112 728 2148 quae
742 2110 847 2137 erant
862 2101 998 2136 tantum
1018 2102 1209 2150 possibilia,
1225 2108 1311 2139 eva-

337 2154 425 2189 dunt
442 2151 566 2186 sutura·
578 2175 590 2192 ‚
610 2149 648 2185 i&
665 2160 704 2186 ut
716 2149 954 2187 determinate
966 2164 1053 2188 vera
1069 2152 1309 2189 ostenduntur

337 2199 580 2241 intellee‘tuiin
596 2198 736 2235 essentia
752 2228 763 2243 ‚
789 2200 822 2236 &
838 2201 1010 2237 videntur
1024 2205 1058 2237 in
1085 2204 1154 2247 ipsa
1168 2230 1178 2246 ‚
1210 2214 1247 2240 ut
1279 2208 1312 2240 in

335 2251 484 2301 01)]εὲὶο
497 2253 670 2299 primario
682 2252 783 2297 prius
798 2253 945 2298 cognito
962 2265 974 2293 ς
992 2253 1240 2299 intelliguntur
1254 2266 1311 2288 er-

338 2312 387 2353 go
398 2302 519 2337 sutura
543 2304 619 2347 pari
635 2299 837 2336 necessitate
848 2327 859 2343 ‚
872 2312 914 2336 ac
927 2303 1150 2340 certitudine
1162 2331 1172 2347 ‚
1184 2307 1226 2339 ae
1240 2303 1312 2350 ipsa

337 2350 526 2390 necessaria
541 2350 593 2393 ,ἃ
610 2348 780 2397 possibilia
795 2363 805 2395 ;
824 2359 865 2387 ut
880 2355 914 2387 in
933 2353 1313 2402 articolopraecedenti

339 2405 462 2440 extitit
480 2401 704 2439 declaratum
719 2428 729 2437 .
766 2415 769 2418 ·
902 2418 907 2435 ·.

344 2453 456 2490 ‚0on
475 2453 734 2489 ARGUMENTA
751 2479 759 2488 .
777 2451 834 2488 Ad
849 2456 1002 2499 primum
1016 2454 1232 2503 respondeo,
1250 2455 1316 2491 fal·

341 2506 375 2541 sb
390 2503 532 2546 inferri,
557 2501 679 2540 Deum
691 2501 811 2549 decipi
825 2501 918 2547 posse
927 2507 1019 2539 circa
1033 2504 1155 2541 futura
1175 2509 1316 2541 contin·

342 2557 462 2603 gentia
477 2563 544 2596 ‚ex
556 2563 599 2588 eo
611 2552 708 2599 quod
718 2564 759 2588 ea
775 2551 901 2599 possint
927 2565 992 2589 non
1011 2553 1077 2590 esse
1106 2583 1115 2592 .
1137 2555 1208 2591 Sed
1237 2566 1315 2592 tan-

2213 185 2341 248 19³

1436 250 1497 286 Ad
1515 250 1932 301 secundumrespondeo‚
1959 255 2041 291 cum
2069 258 2214 304 ponitur
2240 258 2348 303 ineffe

1379 300 1495 346 aliqua
1514 300 1556 335 de
1589 300 1763 347 possibili,
1787 303 1880 338 nulla
1907 305 2061 351 sequitur
2086 304 2348 352 impossibilitas

1377 349 1533 395 speetata
1549 354 1690 386 ratione
1716 350 1822 397 ipsius
1846 356 2014 400 praecise:
2045 356 2152 392 Unde
2176 357 2346 403 quoniam

1375 398 1533 445 possibile
1558 398 1611 435 est
1624 412 1678 435 me
1691 410 1759 435 non
1771 401 1889 438 sedere
1905 414 1998 445 cras,
2009 402 2031 437 fi
2047 403 2176 441 stetero
2188 431 2199 447 ‚
2211 405 2353 440 nullum

1375 448 1457 485 inde
1473 449 1626 496 sequitur
1640 452 1910 488 inconveniens.
1933 452 2006 488 Sed
2023 464 2071 489 ex
2096 455 2153 490 illa
2167 481 2178 496 ‚
2203 453 2237 489 8<
2258 453 2320 489 ista
2335 473 2357 496 ‚-

1374 498 1502 534 scilicet
1519 526 1530 541 ‚
1543 498 1647 535 Deus
1662 499 1723 534 scit
1739 512 1793 535 me
1812 500 1972 537 sessurum
1994 514 2093 546 cras,
2116 504 2266 550 sequitui
2282 506 2359 544 imr

1373 547 1553 594 possibile,
1568 560 1695 594 nempe
1719 549 1837 585 Deum
1847 551 1965 595 falli:
1992 553 2075 587 licet
2100 564 2188 598 ergo
2209 564 2276 590 non
2300 553 2347 589 se-

1374 607 1508 644 quatur
1533 597 1786 645 impossibilitas
1824 599 1892 634 ulla
1929 602 2008 636 ciim
2038 606 2185 648 ponitur
2211 603 2345 649 huffe,

1371 646 1468 696 quod
1487 656 1565 683 erat
1578 647 1760 694 possibile,
1783 649 1876 696 sequi
1901 660 2017 685 tamen
2046 651 2161 697 potest
2189 664 2235 687 ex
2263 654 2355 689 aliis<

1373 696 1554 745 adjunc‘tis
1571 724 1578 732 .
1605 697 1787 745 Siquidem
1806 699 1977 735 stantibus
1996 700 2124 737 divinae
2145 702 2342 740 voluntatis

1372 748 1518 783 decreto
1530 746 1574 783 de
1590 746 1708 783 futura
1722 748 1880 793 sessione,
1905 750 1937 785 8<
1957 750 2096 787 scientia
2125 751 2199 787 Dei
2214 752 2342 789 infalli-

1376 798 1434 833 bili
1453 825 1463 840 ‚
1481 797 1686 845 impossibile
1698 803 1846 835 omnino
1862 798 1911 835 est
1930 799 2104 838 sessionem
2122 814 2189 835 non
2203 801 2267 838 esse
2283 802 2339 837 fu-

1372 859 1491 884 turam
1506 875 1517 890 ‚
1544 847 1606 884 etii
1622 853 1779 896 potuerit
1795 862 1862 885 non
1880 849 1944 885 esse
1957 849 2074 886 futura
2091 879 2101 892 .,
2124 850 2146 886 li
2162 852 2270 888 causae
2296 853 2339 887 li-

1375 898 1456 934 bere
1473 908 1723 936 concurrentes
1742 898 1786 935 ad
1804 899 1898 935 illam
1914 926 1925 942 ‚
1957 900 2149 937 maluissent
2166 902 2260 937 aliud
2275 900 2341 939 sta-

1371 958 1471 986 tuere
1482 975 1492 989 ,
1519 947 1553 983 &
1565 948 1727 985 futurum
1741 949 1983 987 determinare
1997 977 2006 986 .

1419 998 1478 1035 Ad
1495 997 1662 1034 Tertium
1675 999 1780 1042 dico,
1803 1005 1925 1048 utique
1961 1012 2126 1048 oportere
2157 1003 2338 1040 videntem

1371 1050 1525 1084 alterum
1544 1050 1780 1097 currere‚ejus
1795 1055 1996 1086 contuitum
2011 1056 2192 1088 terminari
2209 1053 2251 1089 ad
2265 1058 2342 1090 rem

1372 1104 1405 1135 in
1422 1101 1564 1145 propria
1579 1099 1754 1144 praesentia
1768 1100 1979 1137 existentem
1997 1115 2007 1143 ς
2030 1104 2112 1149 quia
2141 1108 2234 1139 enim
2255 1102 2342 1140 visio

1371 1147 1500 1197 pendet
1517 1174 1526 1188 ‚
1543 1158 1647 1195 atque
1682 1154 1857 1196 accipitur
1872 1151 1915 1186 ab
1944 1151 2016 1197 ipsa
2051 1164 2087 1188 rc
2101 1180 2111 1195 ‚
2136 1165 2243 1200 quam
2260 1157 2341 1202 quis

1370 1207 1561 1235 contuetur
1574 1226 1585 1240 ,
1613 1199 1679 1245 ipsa
1709 1200 1828 1236 haberi
1845 1204 1991 1235 omnino
2022 1213 2089 1237 non
2110 1202 2243 1249 potest,
2277 1203 2359 1240 nisi'

1370 1261 1428 1285 res
1455 1248 1525 1283 visa
1549 1250 1583 1283 in
1612 1248 1641 1287 se
1665 1249 1799 1285 existat
1825 1277 1833 1286 .
1858 1252 1909 1287 At
1931 1249 2339 1290 Deusi‘cientiamsuam

1369 1311 1438 1336 non
1458 1300 1591 1344 accipit
1606 1295 1767 1343 diebus,
1791 1312 1881 1348 quas
1897 1300 1941 1335 ab
1958 1305 2055 1335 omni
2072 1307 2267 1340 :eternitate
2280 1313 2343 1341 no·

1372 1354 1425 1386 vit
1441 1376 1452 1393 ‚
1481 1347 1538 1384 sed
1552 1353 1667 1394 magis
1677 1352 1794 1385 omnia
1823 1353 1855 1385 in
1869 1350 1923 1385 sua
1946 1349 2087 1387 essentia
2114 1357 2283 1400 attingit,
2319 1368 2339 1392 a

1369 1412 1440 1449 qua
1457 1399 1489 1435 8<
1505 1408 1673 1434 movetur
1692 1400 1737 1435 ad
1756 1400 1890 1436 infinita
1906 1400 2219 1447 intelligenda:non
2236 1416 2343 1450 opor-

1373 1460 1427 1487 tet
1446 1461 1534 1496 ergo
1547 1448 1703 1495 respectu
1720 1455 1765 1486 ita
1781 1450 1915 1486 scientis
1926 1463 1983 1486 res
1997 1453 2029 1486 in
2048 1457 2197 1500 proprio
2209 1467 2342 1500 genere

1371 1499 1528 1538 existere
1544 1526 1555 1541 ‚
1581 1498 1715 1547 esseque
1733 1501 1780 1536 illi
1798 1500 1982 1548 praesentes
1995 1529 2005 1544 ‚
2023 1513 2064 1536 ac
2075 1502 2344 1549 coexistentem

1374 1556 1447 1587 imo
1463 1561 1552 1585 nunc
1573 1549 1679 1588 Deus
1699 1551 1798 1586 videt
1821 1549 2047 1593 actualitates
2061 1564 2180 1588 rerum
2207 1553 2345 1591 fututa-

1373 1613 1452 1636 rum
1464 1612 1554 1648 quas
1573 1599 1752 1637 habebunt
1766 1628 1777 1643 ‚
1792 1612 1902 1649 quum
1919 1603 1951 1636 in
1966 1603 2110 1648 proprio
2120 1615 2251 1649 genere
2264 1608 2345 1640 exi-

1375 1649 1462 1688 stent
1475 1677 1484 1687 .
1513 1649 1610 1686 Nam
1632 1650 1721 1686 idem
1737 1650 1851 1701 potest
1868 1649 1933 1687 esse
1950 1652 2212 1697 praesentialiter
2239 1654 2344 1693 alteri

1377 1706 1410 1738 in
1429 1703 1567 1737 ratione
1593 1703 1748 1748 cogniti,
1776 1702 1809 1737 8<
1833 1713 1902 1737 non
1919 1700 1986 1738 esse
2017 1703 2163 1748 praesens
2181 1703 2346 1742 eidemin

1375 1756 1518 1788 ratione
1533 1752 1627 1787 entis
1641 1755 1673 1787 in
1690 1756 1832 1798 proprio
1847 1763 1977 1800 genere
1995 1751 2180 1788 existentis
2192 1781 2202 1796 ‚
2229 1753 2293 1791 etfi
2310 1761 2346 1792 in

1375 1803 1407 1839 se
1424 1801 1495 1848 ipio
1509 1799 1928 1845 cunetadiitive'tiffime,
1953 1812 1994 1837 ac
2020 1802 2263 1849 perfectissime
2288 1811 2345 1842 in·

1374 1861 1519 1889 tueatur
1531 1879 1541 1895 ‚
1556 1861 1597 1887 ut
1610 1852 1765 1888 articulo
1788 1862 1800 1887 t
1814 1862 1840 1887 1.
1857 1852 1923 1887 fuit
1937 1851 2159 1890 declaratum
2176 1883 2184 1892 .

1425 1901 1483 1938 Ad
1503 1900 1684 1949 Qartum
1695 1901 1883 1938 dicendum
1896 1900 1942 1937 fic
1959 1915 1968 1937 t
1992 1909 2161 1952 quoniam
2175 1905 2248 1944 Dei
2259 1918 2345 1956 proe-

1376 1952 1519 1988 scientia
1532 1963 1598 1987 non
1617 1951 1667 1987 est
1680 1951 1781 1988 causa
1796 1949 2018 1989 futuritionis
2031 1965 2148 1991 rerum
2167 1984 2177 2000 ,
2200 1968 2240 1993 ut
2258 1968 2363 1994 conr

1377 2001 1446 2038 stat
1461 2001 1695 2049 exsolutione
1711 2001 1835 2038 horum
1849 2003 1999 2041 duorum
2010 2006 2259 2045 articulorum:
2275 2011 2349 2044 imo

1379 2051 1400 2088 sl
1420 2064 1480 2099 per
1497 2051 1704 2099 impossibile
1722 2051 1742 2089 a
1757 2051 1830 2088 Dei
1859 2054 2036 2091 intellectu
2051 2068 2120 2092 non
2149 2059 2347 2105 praescireu·

1379 2111 1458 2146 tur,
1484 2101 1602 2137 adhuc
1614 2101 1716 2138 essent
1728 2103 1851 2139 futura
1873 2100 1893 2138 ἐι
1907 2106 2009 2142 causa
2023 2106 2130 2142 dante
2143 2108 2211 2155 effe
2235 2120 2245 2142 ε
2273 2113 2350 2146 evi-

1381 2152 1470 2188 dens
1485 2152 1535 2188 est
1549 2156 1640 2189 inter
1653 2152 1726 2190 Dei
1757 2153 2005 2200 praei'cientiam
2024 2184 2035 2200 ,
2064 2155 2097 2191 δε
2110 2161 2351 2206 contingentia

1379 2202 1501 2238 futura
1533 2215 1601 2239 non
1626 2203 1756 2240 versari
1779 2209 2041 2245 connexionem
2079 2207 2312 2245 necessariam
2341 2237 2353 2254 ‚

1380 2253 1461 2301 qual
1478 2265 1495 2288 s
1520 2251 1571 2291 est
1593 2256 1681 2290 inter
1711 2253 1944 2299 antecedens,
1968 2256 2002 2292 &
2033 2258 2253 2306 consequens
2270 2261 2350 2298 inde

1383 2302 1575 2340 necessario
1585 2302 1845 2349 dedufkumfed
1861 2305 2243 2354 duntaxatficundicm
2254 2313 2355 2358 quid,

1383 2355 1417 2390 &
1430 2354 1663 2390 extrinsecam
1678 2383 1689 2398 ,
1701 2354 1755 2390 seu
1771 2367 1837 2390 non
1858 2355 2051 2393 absolutam
2065 2385 2076 2401 ‚
2107 2359 2161 2394 sed
2176 2362 2356 2398 conditio-

1384 2414 1526 2447 natam,
1551 2404 1584 2439 8<
1602 2407 1880 2452 consequentiae,
1902 2406 1935 2441 8<
1950 2418 2014 2453 pei·
2027 2409 2144 2444 locum
2163 2410 2207 2446 ab
2220 2411 2368 2448 extrin?

1388 2455 1465 2492 seco
1479 2481 1488 2490 .
1517 2455 1658 2491 Verum
1673 2454 1721 2491 est
1737 2458 1828 2491 enim
1842 2457 2043 2504 quicquid&
2064 2459 2148 2495 Deo
2166 2461 2274 2497 scitur
2292 2465 2359 2498 aliq

1387 2504 1531 2554 quando
1542 2504 1701 2540 futurum
1715 2532 1725 2548 ‚
1740 2505 1934 2542 necessario
1951 2507 2023 2544 fore
2037 2514 2124 2557 quia
2138 2522 2206 2545 non
2223 2513 2359 2559 praestit

1389 2555 1582 2603 quidquam
1596 2555 1770 2598 futurum,
1781 2555 1842 2590 nisi
1856 2556 1932 2603 post
1945 2557 2277 2598 determinationem
2296 2575 2360 2599 vo-

2419 1954 2468 1993 De.
2477 1961 2597 1993 neruum

2385 1991 2513 2019 principio
2531 1995 2557 2018 q·
2569 1996 2594 2019 ἦ·

2384 2029 2412 2047 Β·
2421 2031 2463 2055 3⁴·

2387 2111 2410 2131 ῐ.
2434 2105 2491 2129 dia.
2514 2110 2554 2137 39.
2575 2101 2602 2133 §-

2391 2139 2531 2171 Quantum
2571 2144 2594 2158 α.

2360 2193 2364 2199 ,
2389 2178 2509 2205 quartam
2545 2177 2559 2202 q

2382 2206 2488 2235 stim-em
2505 2204 2533 2227 ln
2553 2203 2605 2227 Re-

2409 2245 2462 2262 ort.
2504 2235 2603 2261 ididem

2412 2267 2624 2301 ist·(0·§·11ds-'s

2390 2302 2616 2336 cannas-efflue

2393 2343 2468 2363 mm.

103 2619 233 2644 <ineuntur
245 2631 253 2644 ‚
271 2617 312 2641 vi·
339 2606 416 2644 tum
434 2602 516 2640 inde
529 2601 595 2639 esse
611 2600 861 2639 deducendum
873 2629 884 2646 ‚
907 2602 1031 2640 Deum
1061 2615 1102 2642 ea
1119 2618 1186 2641 non
1207 2605 1318 2641 neces-

97 2650 313 2709 ξ’,ξῑέζῇξξῇζῖ
338 2656 432 2692 fario
441 2654 526 2690 scii-e
539 2681 548 2689 .
564 2651 662 2688 Nam
673 2652 753 2688 cum
766 2656 1017 2698 contingenter
1029 2652 1090 2691 sint
1114 2656 1234 2692 futura
1249 2682 1259 2698 ‚
1277 2664 1354 2710 ¹¹⁸0

99 2717 143 2741 :iis
161 2723 309 2743 veterum..
338 2705 574 2742 determinata
595 2702 664 2740 fuit.
690 2701 796 2749 hujus
819 2707 931 2749 partis
960 2702 1125 2740 futuritio
1147 2732 1158 2749 ‚
1195 2706 1318 2752 potuit

1389 2607 1505 2654 luntat
1524 2617 1540 2641 s
1561 2619 1572 2649 ς
1613 2604 1666 2641 sed
1688 2609 1771 2654 quia
1800 2611 1919 2653 potuit
1947 2608 2051 2645 aliter
2075 2609 2361 2649 determinatum

1390 2654 1514 2699 fuisse,
1537 2660 1680 2693 omnino
1709 2656 1843 2699 libere,
1872 2657 1905 2692 8<
1934 2663 2180 2705 contingenter
2213 2667 2360 2700 eveniet

1389 2706 1560 2754 quicquid
1580 2711 1627 2742 ita
1641 2707 1715 2743 fore
1727 2707 1912 2754 praevisum
1926 2708 1991 2745 fuit
2020 2738 2028 2746 .
2057 2711 2164 2747 Unde
2185 2711 2289 2748 Deus
2306 2726 2363 2750 ne-

100 2782 185 2811 1nper.
209 2790 233 2808 ι.
241 2782 314 2807 Prio-

99 2821 156 2839 rum
166 2830 174 2839 .

99 2749 311 2782 ⁸⁶⁰‘²“³‘¹¹¹¹¹‘&
336 2754 436 2792 fuisse
450 2753 691 2790 determinata
708 2753 820 2789 altera
832 2764 928 2798 pai-s,
944 2765 986 2789 ac
1003 2754 1153 2799 proinde
1167 2766 1236 2790 non
1252 2754 1317 2789 sci-

334 2809 405 2844 ‘tur
419 2802 610 2841 necessario
623 2803 669 2838 ab
685 2802 865 2839 intellectu
883 2801 1009 2839 divino
1023 2801 1142 2840 futura
1158 2803 1318 2841 seffioPe-

342 2860 411 2892 tri.
423 2856 494 2892 Sed
516 2854 744 2904 posteaquam
760 2853 871 2888 libere
886 2853 955 2899 ipsa
969 2853 1039 2889 fuit
1054 2855 1168 2890 volita
1179 2882 1190 2899 ,
1202 2854 1317 2891 neces-

338 2901 433 2943 ffirio
456 2905 586 2948 scitur-‚
605 2901 1008 2953 quia'immutabiliter.
1038 2904 1122 2941 Non
1150 2904 1200 2942 est
1223 2908 1318 2942 enim

344 2954 671 3004 potentiai'nlibera
693 2955 881 2990 voluntate
910 2952 1003 2990 Pet-ri
1026 2956 1188 3001 eligentis
1208 2953 1319 2991 sessio-

337 3006 421 3043 ‘dem
438 3003 567 3049 ‚simul
591 3014 721 3054 ponere
734 3007 954 3039 contrarium
967 3031 978 3047 ‚
999 3005 1054 3040 feu
1079 3018 1147 3042 non
1176 3004 1316 3049 sedere3

339 3054 421 3092 §ed
438 3051 616 3090 duntaxat
638 3057 757 3102 potuit
782 3051 919 3089 divisim
943 3055 1090 3091 noluifle
1116 3054 1291 3092 sessionem
1308 3082 1319 3091 .

338 3104 660 3152 (Quemadmodum
682 3108 794 3151 igitur
807 3115 877 3139 non
901 3103 952 3139 est
974 3110 1131 3152 potentia
1157 3110 1191 3142 in
1205 3105 1318 3142 causa

347 3155 511 3203 proxima
526 3153 734 3191 sessionisad
759 3164 936 3201 utrunque
959 3155 1164 3202 oppositum
1190 3156 1317 3197 simu1;

349 3210 396 3240 ita
409 3214 475 3239 nec
489 3203 643 3251 sequitui·
656 3231 668 3246 ‚
692 3203 811 3240 Deum
829 3202 919 3249 posse
934 3203 1049 3253 decipi
1067 3220 1078 3249 3
1103 3206 1159 3243 sed
1179 3205 1317 3242 tantum

348 3265 389 3290 ut
403 3253 536 3289 dietum
549 3251 598 3288 est
609 3279 620 3294 ‚
631 3253 785 3301 sequitur
799 3257 847 3289 ita
862 3254 945 3289 seire
960 3254 1118 3293 futuram
1131 3256 1316 3299 senionem,

347 3314 389 3340 ut
403 3304 557 3349 potuerit
571 3303 718 3338 nesciisse
731 3303 824 3353 illam
837 3330 847 3345 ‚
874 3303 896 3338 si
913 3316 1038 3351 nempe
1057 3306 1262 3354 oppositum
1276 3307 1315 3341 li-

348 3355 431 3390 bere
443 3351 554 3388 fuisset
568 3350 840 3392 determinatum
857 3352 985 3389 .·Licet
1000 3357 1094 3390 enim
1116 3355 1318 3393 intelleftus

347 3406 489 3440 divinus
504 3414 570 3437 non
585 3401 749 3448 sequatur
774 3413 831 3436 res
845 3427 856 3443 ‚
878 3401 964 3438 ficut
984 3403 1132 3440 effeetus
1154 3406 1316 3441 causam:

348 3458 431 3501 quia
449 3452 526 3500 ejus
541 3452 678 3487 scicntia
691 3454 756 3486 nen
771 3450 818 3486 est
832 3461 878 3497 ex
905 3452 1033 3495 rebus,
1057 3465 1122 3491 nec
1150 3455 1197 3491 ab
1222 3455 1319 3503 obje-

350 3505 418 3540 c'tis
433 3501 650 3538 secundariis
665 3499 905 3548 mensuraturj
934 3511 1056 3539 tamen
1082 3508 1321 3540 concomitan-

352 3559 400 3590 tia
414 3553 461 3589 est
478 3553 538 3593 ibi,
569 3550 658 3586 adeo
672 3561 709 3585 ut
724 3548 1030 3596 quemadmodum
1047 3565 1103 3589 res
1114 3553 1227 3600 potest
1247 3565 1317 3590 non

328 3617 333 3621 ’
353 3603 419 3639 esse
432 3631 443 3646 ‚
457 3607 503 3638 ita
522 3600 725 3638 inteliet‘t'us
752 3600 897 3635 divinus
918 3601 1033 3646 potest
1058 3614 1128 3638 non
1145 3603 1230 3639 scii-e
1248 3631 1259 3647 ‚
1282 3603 1319 3639 &

333 3654 431 3688 Adeo
443 3663 620 3699 nunquam
648 3651 806 3698 sequitur
823 3649 1040 3687 intellectum
1067 3651 1245 3688 divinum·
1257 3665 1322 3689 co-

326 3702 514 3751 gnoscere
528 3713 602 3737 rem
618 3701 722 3737 aliter
734 3712 777 3737 ac
805 3696 844 3736 fit
859 3712 872 3743 ς
889 3704 975 3747 quia
1002 3700 1024 3739 si
1048 3713 1116 3739 non
1140 3706 1232 3748 erit,
1252 3716 1321 3743 non

350 3754 433 3788 sciet
444 3751 509 3786 eise
526 3751 684 3787 futuram
697 3778 707 3788 .

455 3803 549 3838 Tam.
568 3802 595 3837 Ι.

326 3808 339 3827 t

1391 2758 1478 2792 dum
1492 2755 1553 2792 scit
1567 2761 1827 2803 contingentiam
1845 2758 1901 2795 sed
1912 2764 2018 2796 etiam
2037 2762 2095 2797 scit
2110 2767 2362 2808 contingenter

1392 2808 1509 2844 futura
1530 2808 1773 2854 contingent'a
1791 2835 1801 2850 ‚
1824 2819 1868 2855 qu
1888 2822 1955 2857 ppe
1979 2822 2054 2857 quae
2087 2814 2272 2858 potuerint
2295 2825 2365 2850 non

1391 2855 1458 2895 esse
1471 2883 1482 2899 ‚
1509 2856 1542 2891 8<
1560 2858 1606 2894 ita
1616 2869 1684 2893 nec
1699 2859 1718 2893 a
1741 2857 1823 2894 Deo
1842 2860 1992 2904 praescita
2009 2861 2107 2897 fuisse
2121 2890 2129 2897 .

1445 2907 1693 2945 Veruntamen
1707 2908 1908 2956 aliquorum
1924 2912 1990 2946 aia
2005 2911 2052 2947 est
2067 2913 2218 2948 solutio:
2238 2922 2365 2961 putant

1392 2962 1488 2995 enim
1505 2957 1577 2994 Dei
1593 2957 1623 2992 sc
1637 2969 1699 2994 ent
1717 2969 1774 2993 am
1789 2959 1946 3006 respeetu
1964 2960 2166 2997 futurorum
2185 2963 2249 3000 esse
2263 2964 2364 3000 abso-

1393 3009 1490 3050 lute,
1502 3008 1533 3043 ἃ
1551 3005 1751 3054 simpliciter
1769 3008 1991 3046 necessariam
2005 3039 2016 3054 ‚
2045 3024 2188 3059 propter
2204 3014 2293 3050 lianc
2308 3026 2364 3050 ra·

1383 3063 1553 3095 -tionem:
1574 3058 1677 3095 aetus
1691 3059 1878 3094 rationalis
1897 3072 1966 3094 non
1983 3061 2192 3098 distrahitur
2211 3076 2272 3111 per
2290 3077 2364 3101 ma-

1393 3109 1546 3150 teriam,
1569 3108 1787 3156 superquam
1806 3108 1950 3152 transit3
1979 3112 2125 3158 perinde
2143 3117 2236 3150 enim
2249 3115 2364 3163 sequi·

1392 3167 1452 3194 tur
1468 3184 1479 3202 ‚
1493 3159 1570 3194 dico
1583 3170 1637 3193 me
1652 3158 1750 3193 nibil
1758 3159 1877 3194 dicere
1893 3171 1903 3193 x
1920 3172 2006 3207 ergo
2019 3164 2115 3197 dico:
2135 3175 2177 3198 ac
2189 3172 2200 3206 3
2211 3165 2290 3201 dico
2307 3177 2362 3202 me

1393 3209 1540 3257 aliquid
1554 3210 1769 3254 dz'cerezergo
1781 3210 1987 3255 dico:igitur
2001 3212 2142 3249 scientia
2156 3212 2281 3253 divina
2293 3227 2363 3253 non

1393 3257 1598 3295 distrahitur
1629 3270 1691 3305 per
1720 3262 1911 3295 materiam
1926 3285 1937 3301 ‚
1965 3261 2066 3308 super
2091 3274 2198 3311 quam
2229 3265 2362 3308 transit,

1392 3309 1477 3357 qu'a
1496 3320 1559 3355 par
1578 3309 1627 3344 illi
1645 3306 1722 3344 insit
1741 3309 1922 3345 necessitas
1937 3337 1948 3353 ,
1961 3312 2196 3361 quodcunque
2215 3315 2362 3357 tandem

1392 3358 1574 3406 objetstum
1589 3360 1743 3405 attingat
1763 3372 1773 3401 ς
1799 3371 1839 3395 ac
1857 3360 2008 3406 proinde
2037 3364 2277 3411 consequens,
2305 3365 2361 3400 di-

1380 3417 1479 3445 >cunt
1492 3435 1503 3451 ‚
1516 3407 1582 3444 esse
1599 3407 1825 3444 necessarium
1837 3436 1848 3452 ‚
1864 3408 1949 3446 sicut
1961 3411 1994 3447 ἃ
2012 3415 2224 3449 antecedens
2251 3443 2259 3451 .
2287 3415 2361 3452 Re-

1395 3458 1549 3508 spondeo
1561 3486 1571 3500 ‚
1595 3470 1719 3494 verum
1735 3457 1784 3494 est
1798 3459 1916 3496 aftum
1932 3463 2140 3498 rationalem
2156 3475 2227 3501 non
2246 3463 2363 3502 subire

1394 3509 1415 3545 d
1434 3508 1654 3544 straftionem
1669 3520 1714 3544 ex
1730 3515 1879 3546 materia
1892 3537 1903 3553 ,
1922 3511 2016 3559 quasi
2034 3513 2164 3549 exinde
2177 3514 2311 3552 evadat
2323 3527 2363 3551 a·

1395 3558 1677 3604 &ussecundizm
1695 3560 1784 3607 quid
1797 3574 1806 3603 ς
1820 3572 1901 3596 nam
1917 3573 2041 3597 revera
2052 3563 2134 3598 scire
2150 3575 2218 3600 non
2230 3565 2364 3605 dicitur

1384 3608 1585 3657 secundnm
1603 3609 1692 3656 (fuid
1706 3620 1854 3658 propter
1867 3612 2061 3664 qua-mlibet
2074 3616 2260 3650 materiam
2275 3641 2283 3650 .
2295 3615 2365 3652 Ni-

1395 3658 1589 3694 hilominus
1606 3657 1754 3696 scientia
1771 3661 1842 3697 Dei
1856 3666 1890 3697 in
1902 3660 1933 3696 se
1945 3659 2152 3709 simpliciter
2161 3665 2365 3709 necessaria,

1396 3717 1436 3743 ut
1448 3705 1571 3744 transit
1583 3706 1960 3758 supercontingentia‚
1981 3724 2047 3747 non
2065 3711 2114 3748 est
2132 3712 2288 3752 absolute
2304 3729 2362 3752 ne-

1396 3755 1565 3800 nemina,
1587 3757 1670 3795 ci'im
1697 3759 1798 3806 possit
1821 3760 1867 3797 ad
1883 3773 1926 3796 ea
1955 3773 2022 3797 non
2044 3767 2252 3808 terminari;
2276 3765 2365 3804 sicut

1392 3818 1456 3859 ccc
1473 3805 1562 3846 velle
1574 3807 1738 3863 divinum
1755 3809 1806 3849 est
1816 3810 2024 3897 sigipliciter
2036 3811 2274 3855 necessarum
2293 3845 2304 3861 ‚
2325 3829 2368 3857 ut

1900 3862 1924 3899 b
2224 3880 2320 3907 tran-

2406 2943 2433 2968 ,ς-
2457 2943 2554 2968 Tlioni·
2576 2943 2617 2967 liic

2403 2976 2617 3008 §naids'etnmsmm
