2666 4109
52 1465 94 1503 :gd
105 1468 210 1501 iil-351&
217 1474 259 1500 35·

89 3411 127 3434 Ex
136 3404 232 3438 dist-37.
244 3415 268 3431 2.

60 3442 125 3467 sent.

676 147 895 215 Tomzts
935 151 970 216 1.
988 145 1151 216 Pars
1170 151 1207 217 I.
1222 152 1489 243 Qufflio
1504 155 1682 223 X1X.
1695 160 1834 225 Art.
1854 160 1905 225 V
1902 164 1941 227 1.

296 239 345 274 est
363 237 563 273 immediata
579 265 587 279 ,
599 238 631 274 ἃ
647 244 761 283 prima
776 242 877 276 cauf'a
892 268 902 283 ‚
925 241 1026 287 cujus
1040 254 1105 277 non
1118 242 1166 278 est
1180 244 1247 278 alia

294 289 395 324 causa
408 286 591 334 quaerenda
604 314 612 321 .
642 291 745 326 Sicut
767 294 858 325 enim
873 290 964 326 nulla
979 290 1027 326 est
1042 293 1134 327 ratio
1147 319 1157 334 ,
1188 304 1250 327 cur

295 340 448 373 voluerit
465 346 625 372 naturam
638 338 823 374 humanam
839 339 903 375 esse
920 343 952 373 in
968 339 1035 375 hoc
1051 341 1246 384 individuo,

294 392 342 423 ita
359 385 491 422 &nunc
503 394 563 422 aut
584 387 643 422 illo
656 397 817 435 tempore
831 389 971 424 voluisse
982 416 993 431 ‚
1016 391 1106 426 nulla
1128 390 1174 425 cst
1188 402 1245 425 ra-

293 439 346 472 tio
363 463 373 478 ‚
388 434 446 470 nifi
460 437 541 482 quia
556 436 693 479 voluit,
714 438 908 485 statuitque
923 450 962 473 ea
985 438 1057 473 fieri
1077 467 1087 479 ‚
1116 439 1148 473 ἃ
1169 440 1245 481 hoc,

292 497 352 522 aut
368 486 428 520 illo
442 485 547 520 modo
563 497 608 520 ex
633 494 795 532 tempore
822 488 1057 529 repaesentari
1076 516 1087 531 ,
1113 488 1146 523 ὃς
1164 488 1244 522 ideo

292 537 422 571 bonum
438 534 504 578 est,
531 546 572 569 ea
586 534 651 570 esse
665 562 675 577 ‚
699 537 731 570 8<
745 535 894 572 extitisse
910 558 918 571 .
946 537 1117 584 Quaerere
1136 542 1245 583 igitur

289 578 391 631 hujus
408 584 653 632 propositionis
665 611 675 627 ,
687 585 744 620 etfi
760 589 998 631 contingentis
1013 588 1152 622 causam
1169 613 1178 627 ‚
1195 585 1243 621 est

288 637 492 682 perquirere
504 634 787 681 rationem‚cujus
800 647 869 668 non
881 631 929 670 est
939 641 1031 671 ratio
1043 636 1242 682 quaerenda.
1276 656 1281 661 ·

339 682 385 718 Et
397 694 476 718 cum
494 681 637 717 additur
650 687 680 718 in
693 695 902 729 argumento
916 699 925 727 3
949 690 1031 732 quia
1050 686 1167 721 Deum
1180 698 1240 720 ex-

288 731 438 780 peetaffe
450 731 608 779 quadam
623 736 794 781 temporis
806 743 987 770 momenta
1005 748 1066 782 pro
1083 737 1136 769 his
1149 763 1159 777 ‚
1184 746 1244 772 aut

291 784 359 818 illis
372 780 582 824 efficiendis,
598 781 744 816 videtur
759 792 877 818 motus
887 784 984 819 fuisse
996 796 1042 820 ex
1058 786 1172 832 aliqua
1189 798 1242 820 ra-

290 836 386 867 tione
401 841 446 866 ex
459 842 555 878 parte
569 831 893 878 repraesentatorum
910 834 1126 879 praecedente
1139 860 1146 868 .
1168 834 1242 870 Re-

289 879 422 928 sponsio
439 893 447 914 :
467 881 632 916 voluntas
647 907 658 922 ‚
684 891 760 929 quae
777 881 884 918 babet
897 883 1093 919 bonitatem
1109 894 1155 919 ex
1171 885 1240 927 ipso

289 930 427 966 volibili
444 956 455 972 .
468 929 489 964 fi
503 929 600 966 resta
616 930 675 972 est,
688 930 848 978 profesto
864 935 941 969 vult
958 934 1106 970 volitum
1122 932 1240 968 statim

290 979 356 1016 effe
373 979 451 1021 ‚nisi
465 989 632 1015 occurrat
646 980 764 1029 aliqua
778 983 883 1025 ratio,
897 992 1043 1029 propter
1058 995 1164 1032 quam
1180 982 1239 1029 ipsi

290 1029 480 1065 volendum
496 1028 536 1065 sit
550 1030 681 1076 aliquid
698 1031 790 1066 aliud
804 1032 1019 1079 eſj'c‚&tunc
1036 1038 1159 1082 utique
1176 1044 1240 1068 ex—

289 1078 411 1126 peetat
424 1078 508 1115 illud
522 1079 614 1115 aliud
629 1079 693 1116 effe
720 1090 879 1128 tempore
891 1086 1150 1131 opportuniore
1163 1111 1171 1118 .
1192 1083 1241 1118 At

293 1129 544 1176 voluntas,quae
558 1129 686 1164 nullam
706 1142 753 1166 ex
766 1134 880 1167 volito
893 1136 1022 1178 accipit
1038 1133 1243 1172 bonitatem,

291 1178 346 1214 sed
365 1180 476 1225 magis
503 1181 521 1214 ἐ
546 1188 671 1214 contra
691 1181 840 1218 volitum
867 1181 887 1218 ἐι
918 1184 1101 1218 voluntate
1125 1182 1242 1217 haurit

290 1229 455 1276 quicquid
468 1227 517 1263 est
535 1232 566 1264 in
580 1242 623 1264 eo
641 1229 809 1266 bonitatis
823 1245 833 1274 ς
859 1234 1031 1267 rationem
1045 1244 1110 1267 non
1126 1232 1241 1274 habet,

289 1289 400 1325 quare
413 1290 505 1313 nunc
520 1279 598 1315 vult
612 1280 741 1326 aliquid
755 1308 765 1323 ‚
789 1280 872 1317 ficut
888 1294 951 1316 nec
963 1282 1114 1318 absoluoe
1133 1286 1240 1316 ratio-

289 1339 368 1364 nem
381 1329 487 1364 habet
499 1355 509 1371 ‚
522 1341 629 1377 quare
642 1329 710 1364 hoc
725 1331 810 1366 velit
821 1358 832 1372 ,
860 1342 923 1366 nec
944 1331 1082 1366 subinde
1098 1341 1241 1377 oportet

289 1390 369 1414 eam
398 1383 431 1413 in
458 1378 569 1414 volito
596 1378 701 1414 aliam
722 1384 1022 1426 opportunitatem
1038 1380 1245 1426 expectare:

289 1428 349 1466 nifi
365 1432 447 1476 quia
464 1431 512 1463 ita
530 1427 595 1463 esse
607 1427 807 1464 faciendum
826 1457 837 1473 ‚
860 1430 1164 1479 &expeftandum
1179 1429 1246 1475 sta-

291 1489 359 1518 tuit
374 1505 383 1514 .
535 1488 538 1492 ‘

341 1528 401 1566 Ad
415 1537 580 1576 quartum
595 1528 786 1576 respondeo
798 1556 808 1571 ‚
822 1529 959 1577 objeeta
975 1529 1172 1566 secundaria
1191 1533 1244 1566 in-

289 1578 449 1619 telleftus
463 1578 574 1613 divini
593 1576 770 1614 effeideas
784 1606 795 1621 ‚
822 1580 877 1615 seu
892 1579 1243 1617 rationessecundum

290 1642 381 1680 quas
395 1641 453 1665 res
467 1629 541 1663 sunt
549 1625 784 1665 efformabiles
797 1628 842 1664 ad
854 1640 956 1665 extra
973 1628 1244 1673 3efformabiles‚

292 1687 432 1729 inquam
445 1706 455 1723 ,
480 1689 546 1712 non
561 1674 805 1721 efformandae,
831 1679 865 1714 id
880 1679 929 1715 est
946 1679 1122 1725 poffibiles
1135 1706 1145 1721 ‚
1172 1692 1241 1715 non

290 1732 442 1773 futurae3
472 1739 536 1763 cur
553 1738 641 1772 ergo
657 1726 720 1764 fint
732 1755 743 1771 ‚
756 1729 802 1764 ab
818 1729 996 1765 intelleftu
1015 1741 1082 1765 non
1099 1728 1169 1773 est,
1189 1729 1243 1765 sed

292 1782 312 1818 εὶ
329 1781 514 1817 voluntate
526 1803 537 1820 ‚
549 1788 625 1823 quae
639 1777 704 1813 sola
717 1776 765 1813 est
782 1780 881 1814 causa
894 1791 1011 1815 rerum
1026 1778 1142 1826 :quod
1155 1791 1244 1825 ergo

288 1834 462 1879 supponat
493 1825 804 1874 producendorum
828 1828 1086 1876 possibilitatem
1115 1833 1148 1863 in
1173 1830 1246 1873 tali,

291 1883 350 1918 vel
366 1881 428 1916 tali
439 1878 549 1924 gradu
564 1903 575 1918 ‚
590 1888 658 1911 non
674 1875 730 1920 fit,
743 1888 782 1912 ut
795 1888 984 1925 propterea
997 1879 1145 1914 debeant
1161 1891 1244 1925 pro-

292 1931 401 1971 duci,
417 1939 480 1963 nec
490 1925 631 1961 subinde
644 1926 692 1962 est
703 1929 735 1963 in
748 1927 828 1974 ipsis
839 1930 956 1976 aliqua
969 1929 1067 1965 causa
1081 1955 1093 1971 ‚
1116 1930 1172 1964 vel
1188 1940 1245 1964 ra-

292 1985 345 2017 tio
359 1977 496 2028 paffivae
512 1974 760 2023 produffionis
775 1977 923 2024 ipsorum
936 2005 946 2021 ‚
971 1979 1026 2014 led
1054 1983 1086 2013 in
1100 1979 1167 2014 sola
1183 1991 1243 2014 vo-

290 2032 428 2067 luntate
439 2027 575 2068 divina,
586 2035 626 2061 ut
639 2027 838 2074 expositum
849 2028 911 2072 est;
929 2033 1011 2077 quia
1025 2029 1083 2064 illa
1100 2033 1244 2075 inaequa-

290 2081 375 2116 litas
395 2075 619 2125 perfeetionis
632 2078 665 2112 in
684 2076 866 2113 existentia
893 2079 979 2115 reali
1002 2090 1069 2114 non
1097 2078 1145 2114 est
1164 2090 1244 2125 pro-

289 2140 368 2179 pter
381 2129 578 2164 bonitatem
593 2126 870 2173 praesuppofitam
894 2131 928 2163 in
943 2128 1098 2175 objeEkis
1109 2128 1247 2175 quibus-

292 2190 429 2226 cunque
443 2178 521 2212 aliis
532 2173 552 2211 ἓι
563 2174 592 2210 se
605 2200 616 2217 ‚
635 2186 701 2224 que
715 2177 756 2212 sit
768 2176 861 2224 quali
891 2181 984 2214 ratio
1016 2179 1064 2214 ita
1092 2177 1246 2214 volendi:

297 2228 357 2267 sed
370 2229 465 2264 ratio
478 2229 592 2261 omnis
605 2250 616 2267 ‚
633 2235 674 2260 ut
687 2226 908 2263 declaratum
924 2226 971 2263 est
983 2255 993 2269 ‚
1019 2228 1062 2262 ab
1088 2228 1157 2274 ipsa
1171 2227 1246 2264 Dei

293 2280 475 2316 voluntate
491 2271 539 2313 est
554 2275 704 2322 petenda
719 2289 730 2319 ς
760 2280 887 2313 namin
905 2288 945 2314 ea
956 2276 1133 2314 duntaxat
1150 2289 1249 2325 repe-

293 2334 407 2372 ritur,
418 2327 451 2363 &
463 2338 530 2362 non
543 2336 589 2360 ex
606 2335 705 2372 parte
722 2326 913 2362 volitorum
927 2353 937 2363 .

444 2416 964 2464 ARTICULUS
1033 2426 1100 2464 vr.

387 2528 525 2565 Utrum
544 2501 707 2563 voluntas
725 2525 795 2564 Dei
812 2528 943 2574 semper
961 2527 1163 2575 impleatur.

345 2627 474 2665 Ποῖ-’ἴον
489 2639 515 2662 r.
526 2626 667 2676 dzst.46.
685 2630 724 2661 in
738 2626 1074 2674 Report.ibsdem.s.
1083 2627 1203 2665 Thom.

462 2681 588 2726 prima
595 2686 704 2725 parte
718 2676 830 2725 quaest.
850 2688 900 2724 ¹9·
917 2680 1021 2713 artic.
1039 2679 1074 2713 6ο

296 2780 340 2852 Ῑ
365 2778 390 2838 7
413 2775 620 2814 IDETUR
636 2777 706 2813 Dei
719 2777 890 2812 voluntas
902 2790 968 2813 non
984 2777 1249 2825 semperimple-

427 2826 564 2863 ri.Nam
580 2825 664 2863 teste
685 2825 1248 2874 Apostoio‚i.adThimoth.cap.2.

294 2880 395 2918 Deus
403 2878 482 2914 vult
501 2887 614 2914 omnes
623 2876 1003 2923 hominessalvosfieri
1016 2891 1026 2919 3
1043 2876 1096 2913 sed
1111 2876 1248 2915 constat

295 2943 364 2966 non
379 2940 502 2965 omnes
526 2928 686 2963 homines
714 2927 873 2974 consequi
893 2936 1058 2963 aeternam
1089 2927 1248 2971 salutem,

295 2973 352 3015 sed
375 2979 505 3016 multos
522 2989 567 3013 ex
582 2976 786 3012 hominibus
803 2975 868 3012 esse
884 2978 918 3012 in
942 2977 1013 3014 Dei
1042 2977 1249 3024 praescientia

301 3028 530 3076 reprobatos,
541 3026 577 3062 &
591 3026 751 3062 damnari
766 3040 777 3070 ς
806 3038 891 3074 crgo
904 3027 975 3063 Dei
992 3032 1108 3064 omnis
1123 3030 1248 3065 volun-

297 3088 353 3115 tas
365 3089 433 3112 non
453 3077 664 3124 adimpletur
678 3101 688 3111 .

351 3126 546 3168 Pmoerea,
571 3124 730 3162 Matthaei
744 3137 799 3162 22.
825 3130 876 3162 ait
891 3127 1063 3164 Salvator
1081 3127 1124 3162 ad
1137 3128 1248 3165 Filios

292 3176 483 3226 Jerusalem
499 3188 509 3218 3
538 3174 691 3226 thies
703 3177 803 3212 volui
817 3188 897 3222 cong
905 3189 1032 3224 regare
1035 3177 1137 3222 filios
1161 3189 1251 3222 tuos,

302 3226 589 3277 quemadmodum
604 3227 749 3271 gallina
764 3237 959 3273 congregat
965 3229 1083 3274 pullos
1081 3228 1168 3274 suos
1174 3229 1249 3277 sub

301 3278 389 3319 alas,
405 3275 443 3316 ἐς
458 3274 613 3321 nolussti3
627 3287 711 3321 ergo
728 3277 911 3311 voluntate
928 3277 1078 3313 humana
1093 3278 1167 3314 fieri
1185 3293 1248 3327 po-

299 3326 364 3364 test
377 3353 389 3368 ,
404 3336 442 3360 ut
453 3323 586 3359 faetum
603 3322 666 3358 else
682 3324 826 3361 testatur
841 3325 1024 3374 scriptura,
1040 3340 1080 3363 ne
1099 3329 1169 3364 Dei
1184 3342 1249 3365 vo-

299 3379 415 3414 luntas
432 3374 666 3421 adimpleatur
681 3399 689 3408 .

349 3426 525 3460 Praeterca
539 3450 549 3465 ‚
577 3423 614 3458 Si
632 3422 704 3458 Dei
718 3424 884 3458 voluntas
901 3425 1054 3471 semper,
1079 3426 1111 3462 8<
1126 3427 1247 3463 infalli-

300 3478 419 3513 biliter
435 3473 702 3519 adimpleretur3
713 3476 824 3517 igitur
836 3473 986 3510 humana
1002 3476 1168 3512 voluntas
1182 3491 1250 3513 non

300 3526 384 3563 effet
397 3525 507 3559 libera
523 3523 565 3557 ad
584 3521 810 3557 utrumlibet:
837 3521 871 3556 id
887 3533 1005 3560 autem
1020 3524 1163 3560 videtur
1188 3540 1251 3563 au·

296 3577 386 3612 ferre
404 3578 577 3609 rationem
591 3574 704 3607 meriti
722 3597 732 3613 ‚
749 3569 782 3605 8<
799 3575 954 3617 peccati:
971 3574 1080 3620 igitur
1096 3573 1170 3611 Dei
1189 3590 1254 3612 vo-

301 3628 417 3662 luntas
442 3635 511 3658 non
538 3621 763 3658 infallibiliter
789 3621 1003 3667 adimpletur
1035 3650 1045 3660 .
1084 3622 1252 3663 Probatio

303 3677 412 3723 prime
428 3674 702 3719 consequentiae:
730 3682 810 3706 nam
838 3670 922 3707 Deo
949 3674 1090 3709 volente
1119 3674 1252 3722 aliquid

304 3725 349 3759 ab
363 3722 501 3758 homine
527 3721 602 3758 fieri
617 3748 628 3764 ‚
657 3722 713 3756 vel
726 3721 812 3763 hos,
834 3730 896 3755 aut
911 3720 989 3757 illos
1001 3722 1100 3758 aetus
1116 3722 1135 3758 ἐι
1154 3735 1252 3761 crea-

306 3782 341 3809 ta
360 3773 543 3808 voluntate
558 3772 760 3818 elici:igitur
775 3770 842 3820 ipsa
854 3769 903 3807 est
918 3770 937 3808 a
953 3772 1055 3808 causa
1069 3772 1253 3821 superiore,

413 3823 538 3857 Tamus
551 3822 580 3857 J.

2171 187 2303 248 249

1326 247 1360 280 δε
1374 251 1614 293 omnipotente
1630 248 1675 283 ad
1694 261 1798 285 unam
1817 254 2222 298 partemsdeterminatzu
2244 270 2297 292 cr*

1324 308 1372 340 go
1389 307 1454 330 non
1470 295 1582 342 potest
1597 297 1890 347 aliterperipsam
1911 302 2011 345 fieri,
2036 316 2074 339 ut
2103 319 2165 339 nec
2197 308 2295 342 ve?l·:.

1324 344 1395 380 Sed
1417 349 1552 381 veritas
1570 346 1638 388 est,
1668 359 1746 382 eam
1758 350 1851 395 poffe
1868 352 1955 386 veile
1970 355 2135 399 quicquid
2163 355 2221 389 fibi
2251 357 2291 391 11·-

1322 395 1450 435 buerit3
1465 407 1552 438 ergo
1569 396 1637 441 ipsa
1657 397 1804 435 volente
1818 401 1912 446 quod
1922 401 2021 437 Deus
2035 415 2102 437 non
2119 405 2286 446 vult,Dci

1320 443 1489 478 voluntas
1502 443 1690 480 frustratur
1705 472 1714 487 ‚
1743 447 1776 482 &
1792 461 1858 483 non
1874 450 2091 497 adimpletur
2106 480 2114 487 .

1367 492 1539 528 Praeterea
1557 520 1567 536 ,
1594 493 1650 529 Ex
1680 498 1829 542 eoquod
1844 499 1947 535 Deus
1973 502 2215 548 compluribus
2239 514 2286 537 ex

1316 541 1369 577 his
1384 568 1393 583 ‚
1405 546 1464 589 qui
1478 541 1692 579 damnantur
1704 571 1714 585 ‚
1733 549 1883 583 contulit
1898 549 2056 592 uberem,
2089 560 2192 598 atque
2208 552 2282 586 effi-

1316 602 1436 626 cacem
1446 596 1600 637 gratiam
1613 621 1624 635 ‚
1654 594 1740 628 unde
1758 595 1942 642 insigniter
1953 600 2142 644 aliquando
2159 606 2190 635 in
2211 605 2280 635 vir·

1314 641 1453 676 tutibus
1469 641 1545 678 sese
1558 654 1798 680 exercuerunt
1816 659 1826 689 ς
1843 646 1981 684 constat
1995 649 2115 695 ijsdem
2133 650 2276 686 voluisse

1317 689 1420 725 finem
1437 717 1447 731 ‚
1462 691 1514 727 seu
1536 692 1651 727 media
1667 695 1856 738 elargitum
1870 696 1934 732 esse
1951 702 1984 732 in
1999 698 2120 735 ordine
2132 700 2177 734 ad
2194 711 2276 735 con-

1316 741 1555 787 sequutionem
1581 741 1680 785 finis;
1710 755 1789 778 nam
1811 757 1914 781 omne
1941 747 2103 783 ordinate
2149 750 2274 785 volens

1313 793 1412 836 prius
1429 791 1505 825 vult
1519 789 1621 826 finem
1637 819 1646 834 ‚
1674 792 1707 827 8<
1726 791 1850 830 deinde
1865 807 1904 830 ea
1919 823 1930 838 ‚
1952 808 2028 844 quae
2044 797 2116 832 sunt
2128 799 2276 835 necessa·
2334 820 2343 834 ο

1312 843 1364 874 ria
1382 838 1427 875 ad
1442 840 1686 887 assequendum
1705 841 1809 878 finem
1828 857 1838 887 ;
1867 843 1922 881 sed
1948 846 2025 882 illia
2052 846 2118 882 fine
2136 849 2276 884 excide-

1313 898 1415 933 runt,
1443 902 1485 924 eo
1500 891 1742 937 quodinventi
1772 891 1836 928 sint
1863 895 1944 931 mali
1969 898 2001 932 in
2027 901 2091 931 viae
2117 898 2273 934 consum·

1312 942 1485 983 matione5
1501 952 1588 988 ergo
1608 940 1682 976 Dei
1699 944 1864 980 voluntas
1880 957 1968 992 ‚qua
1983 947 2050 982 illis
2067 946 2269 994 voluitglo-

1314 993 1404 1023 riam
1418 1016 1427 1031 ‚
1453 1001 1518 1025 non
1535 991 1747 1035 adimpletur
1763 1019 1772 1027 .
1880 1034 1882 1037 f

1360 1037 1696 1082 Praeterea‚Constat
1713 1041 1833 1078 Deum
1846 1044 1922 1089 lege
1936 1046 2007 1079 lata
2026 1044 2179 1082 statuisse
2192 1048 2271 1092 plu-

1308 1097 1346 1121 ra
1361 1099 1535 1132 praecepta
1547 1116 1557 1131 ,
1583 1091 1711 1137 quibus
1726 1093 1756 1126 in
1770 1094 1914 1138 agendis
1932 1094 2084 1131 humana
2103 1098 2269 1132 voluntas

1308 1135 1338 1170 se
1355 1136 1384 1171 se
1399 1137 1638 1174 conformaret
1653 1167 1662 1181 ‚
1676 1152 1716 1174 ac
1731 1146 1777 1177 ita
1793 1142 1907 1178 {triete
1920 1145 2100 1180 observari
2115 1146 2271 1182 mandas?-

1309 1185 1364 1227 se‚
1386 1195 1425 1220 ut
1438 1197 1564 1224 xterna
1575 1189 1734 1236 supplicia
1754 1194 1998 1229 interminaret
2015 1195 2071 1229 illa
2089 1196 2268 1241 transgre-

1306 1235 1484 1271 dientibus
1512 1248 1522 1270 ε
1555 1238 1609 1272 sed
1623 1243 1699 1284 pari
1710 1240 1816 1277 ferme
1831 1242 2011 1278 evidentia
2026 1244 2157 1280 constat
2172 1245 2268 1281 divi-

1303 1298 1347 1321 na
1359 1285 1525 1323 mandata
1542 1287 1664 1323 violari
1679 1289 1725 1323 ab
1736 1290 1941 1328 hominibus
1958 1309 1967 1338 3
1989 1296 2100 1339 igitur
2115 1294 2184 1330 Dei
2200 1308 2265 1330 νο-

1301 1336 1420 1371 luntas
1450 1340 1483 1372 in
1510 1336 1634 1372 sanetis
1660 1338 1855 1388 Scripturis
1879 1341 1980 1376 nobis
2007 1344 2167 1379 revelata
2192 1358 2266 1381 non

1301 1386 1436 1434 semper
1447 1385 1659 1434 adimpletur
1674 1408 1682 1415 ·

1349 1437 1525 1473 CONTRA
1538 1436 1904 1485 .Rom.9.V0luntati
1912 1444 1991 1489 ejus
2005 1445 2085 1490 quis
2102 1442 2228 1490 refistit
2245 1448 2261 1481 ἒ

1300 1484 1350 1521 Et
1366 1489 1399 1522 in
1414 1486 1499 1522 Psal.
1518 1498 1530 1522 ι
1543 1498 1594 1534 13.
1612 1488 1745 1526 Omnia
1757 1502 1968 1538 quaesumsue
1984 1493 2099 1528 voluit
2110 1520 2120 1536 ‚
2139 1494 2239 1539 fecit
2251 1521 2260 1530 .

1300 1535 1485 1584 Quicquid
1501 1539 1612 1583 igitur
1627 1536 1732 1573 Deus
1745 1540 1934 1577 efficaciter
1947 1542 2020 1579 vult
2034 1542 2109 1578 fieri
2128 1572 2139 1587 ‚
2162 1544 2262 1579 infal-

1301 1586 1448 1622 libiliter
1462 1591 1582 1623 evenit
1600 1614 1609 1623 .

1350 1636 2015 1682 Responuzodicendum,v01untatem
2031 1643 2192 1692 Dei‚quae
2208 1642 2257 1679 est

1302 1684 1535 1733 beneplaciti,
1561 1685 1632 1723 five
1645 1688 1791 1732 efficax,
1812 1692 1867 1726 vel
1885 1694 2099 1740 consequens
2128 1694 2255 1729 infalli-

1304 1735 1422 1772 biliter
1439 1736 1475 1771 in
1504 1738 1666 1773 omnibus
1682 1765 1692 1780 ‚
1713 1740 1875 1788 &quoad
1901 1747 2017 1778 omnia
2047 1743 2256 1791 adimpleri:

1304 1784 1496 1829 probatio,
1526 1786 1611 1824 ficut
1623 1793 1845 1837 omnipotens
1862 1791 1975 1838 potest
2008 1793 2141 1829 efficere
2153 1805 2256 1830 omne

1302 1834 1476 1882 possibile:
1501 1840 1547 1873 ita
1576 1839 1847 1888 quotiescunque
1873 1843 2038 1878 voluntas
2056 1844 2176 1879 divina
2196 1844 2255 1879 de-

1301 1890 1471 1921 terminat
1498 1886 1528 1921 se
1554 1887 1597 1921 ad
1611 1887 1810 1935 ponendum
1825 1891 1956 1938 aliquid
1971 1897 2000 1927 in
2027 1894 2093 1939 effe
2109 1895 2227 1930 ultima
2245 1922 2255 1937 ‚

1301 1934 1502 1982 efficacique
1518 1934 1907 1978 determinatione.illud
1932 1942 2161 1979 infallibiliter
2179 1948 2257 1978 erit.

1301 1985 1404 2021 Velle
1422 1994 1538 2021 autem
1555 1985 1675 2022 Deum
1692 1987 1874 2035 quidpiam
1894 1992 2075 2029 voluntate
2094 1993 2261 2040 benepla-

1302 2037 1390 2076 citi,
1408 2035 1455 2070 est
1467 2036 1591 2070 ultima
1605 2034 1856 2074 determinatio
1869 2067 1880 2082 ‚
1906 2052 1972 2088 que
1988 2042 2100 2087 potest
2114 2048 2196 2089 poni
2213 2055 2259 2078 ex

1305 2093 1404 2131 parte
1424 2085 1616 2120 voluntatis
1633 2085 2088 2139 ipfiusomnipotentis‚qui
2105 2094 2258 2129 absolute

1305 2133 1425 2170 statuit
1440 2134 1571 2182 aliquid
1589 2148 1714 2181 ponere
1730 2142 1760 2173 in
1776 2138 1866 2185 eſj'e3
1894 2152 1980 2187 ergo
1993 2147 2110 2178 omnis
2122 2143 2260 2189 prorsus

1306 2181 1438 2221 effefftis
1452 2197 1580 2232 ‚quem
1594 2186 1697 2222 Deus
1711 2191 1759 2223 ita
1778 2191 1852 2223 vult
1866 2216 1876 2231 ‚
1892 2191 2080 2227 necessario
2093 2197 2159 2228 erit
2173 2219 2183 2235 ‚
2197 2205 2261 2240 pro

1303 2243 1462 2281 tempore
1477 2234 1590 2270 abilla
1610 2236 1794 2273 voluntate
1811 2237 1963 2275 statuto:
1987 2241 2045 2277 etsi
2065 2243 2171 2277 libere
2186 2270 2195 2285 ‚
2227 2243 2262 2276 &

1304 2288 1546 2331 contingenter
1558 2291 1677 2321 omnia
1690 2286 1762 2322 fore
1774 2287 2003 2326 decreverit:
2024 2292 2123 2327 semel
2138 2305 2258 2328 tamen

1305 2331 1410 2382 posita
1425 2333 1502 2379 ejus
1516 2332 1815 2373 determinatione
1839 2339 2024 2378 ncceffitati
2048 2343 2256 2389 consequen-

1307 2388 1356 2432 εἰς
1369 2382 1784 2433 subjacetconsequutio.
1809 2388 1842 2422 8<
1859 2390 2106 2438 representuio
2133 2394 2261 2427 volito·

1305 2445 1383 2468 rum
1399 2459 1407 2468 .
1428 2433 1564 2469 Deinde
1579 2461 1589 2476 ‚
1615 2434 1636 2468 fi
1655 2436 1756 2470 causa
1771 2438 1895 2473 ultima
1908 2440 2200 2477 determinatione
2219 2442 2262 2475 ad

1305 2482 1436 2531 aliquid
1448 2482 1683 2520 determinata
1697 2498 1763 2521 non
1780 2498 1929 2533 poneret
1945 2489 2105 2526 effeftum
2123 2495 2156 2527 in
2170 2492 2236 2538 effe
2252 2519 2263 2534 ,

1305 2542 1414 2580 prout
1428 2531 1623 2569 faciendum
1639 2533 1703 2570 effe
1718 2536 1947 2574 decreverat:
1972 2541 2045 2575 sane
2062 2539 2095 2574 id
2110 2554 2177 2577 non
2194 2542 2262 2576 alia

1303 2587 1440 2619 ratione
1455 2586 1624 2626 eveniret,
1636 2583 1693 2619 nifi
1708 2590 1790 2632 quia
1809 2588 1865 2623 vel
1878 2588 1966 2624 foret
1979 2594 2156 2637 impotens
2182 2602 2262 2627 exe-

1302 2631 1536 2681 quendisjam
1551 2633 1707 2669 decretis
1732 2647 1776 2670 ex
1796 2638 1909 2674 innata
1938 2639 2041 2686 ipfius
2061 2640 2262 2677 insufficien-

1303 2688 1379 2719 tia:
1404 2683 1460 2720 vel
1486 2686 1568 2731 quia
1580 2683 1961 2734 acciderentquedam‚
1984 2690 2074 2726 unde
2108 2691 2265 2726 retarda-

1305 2744 1427 2776 retur,
1447 2731 1481 2767 &
1508 2732 1739 2780 impediretur
1765 2741 1864 2772 exire
1885 2741 1916 2773 in
1940 2752 2054 2786 opus:
2082 2743 2138 2777 vel
2162 2743 2258 2776 certe

1304 2785 1473 2830 quoniam
1492 2783 1689 2830 priusquam
1713 2783 1856 2821 effeetus
1880 2800 2032 2835 ponatur
2053 2794 2085 2825 in
2100 2792 2166 2838 effe
2180 2791 2263 2837 ipsa,

1308 2831 1401 2868 aliud
1426 2832 1655 2881 approbando
1679 2834 1855 2871 confilium
1872 2864 1883 2879 ‚
1901 2849 2034 2875 mutata
2059 2842 2264 2887 intelligere-

1310 2893 1388 2918 tur:
1413 2883 1768 2930 Atquiomnipotenti
1785 2886 1972 2934 suppetunt
2001 2889 2129 2940 infinite²
2150 2896 2265 2932 vires,

1310 2945 1373 2968 nec
1387 2933 1492 2968 ullius
1505 2932 1654 2968 alterius
1669 2946 1778 2981 opera
1793 2937 1953 2984 indigere
1970 2939 2107 2986 potest:
2130 2951 2192 2976 nec
2210 2951 2265 2975 ra-

1309 2985 1408 3018 tione
1423 2983 1490 3018 ulla
1506 2981 1692 3029 impediri,
1708 2984 1762 3020 sua
1774 2990 1905 3022 virtute
1924 2993 1955 3023 in
1973 2988 2145 3025 infinitum
2160 3001 2267 3025 exce-

1310 3032 1424 3075 dente,
1440 3042 1480 3067 ac
1493 3032 1676 3079 superante
1692 3039 1895 3078 omnia‚nec
1913 3037 2064 3085 denique
2082 3039 2142 3075 ulli
2156 3038 2266 3076 subest

1311 3083 1527 3118 mutationi:
1557 3094 1641 3128 ergo
1656 3085 1822 3130 quicquid
1836 3086 2029 3123 efficaciter
2057 3087 2117 3123 sibi
2150 3088 2266 3125 facere

1309 3132 1563 3178 complacuerit
1580 3159 1590 3175 ‚
1605 3132 1833 3171 infallibiliter
1846 3139 1963 3172 evenit
1979 3164 1988 3173 .
2016 3137 2196 3174 Postremo
2209 3167 2220 3183 ‚
2244 3138 2267 3174 sl

1308 3181 1612 3230 quidpiam.Deus
1628 3181 1819 3220 efficaciter
1835 3187 1940 3223 vellet
1955 3214 1966 3229 ‚
1993 3187 2026 3222 ὃς
2039 3188 2268 3225 nihilominus

1311 3231 1445 3268 {aetum
1461 3244 1526 3266 non
1552 3230 1660 3274 esset,
1678 3235 1805 3269 exinde
1834 3236 1899 3280 ipse
1927 3238 2041 3284 aliqua
2070 3237 2270 3275 afficeretur

1311 3282 1456 3318 tristitia
1468 3291 1480 3314 ε
1496 3293 1575 3317 nam
1594 3281 1690 3316 sicuti
1706 3282 1785 3318 cum
1799 3284 1924 3319 efficax
1939 3287 2064 3323 volitio
2079 3287 2174 3323 suum
2189 3301 2268 3325 ton·

1311 3333 1463 3379 sequitur
1479 3330 1642 3368 effeetum
1657 3357 1667 3373 ,
1698 3331 1746 3366 cst
1769 3346 1811 3368 eo
1830 3339 1862 3369 in
1889 3333 1983 3373 fatto
2008 3338 2264 3384 complacentia

1309 3380 1469 3430 quaedam
1484 3406 1495 3422 ‚
1507 3393 1572 3417 aut
1589 3382 1704 3417 saltem
1719 3383 1810 3418 nulla
1830 3383 1968 3422 tristitia
1985 3400 1994 3422 :
2011 3389 2058 3422 ita
2072 3388 2151 3422 cum
2164 3387 2269 3434 quid-

1312 3435 1406 3480 piam
1421 3431 1545 3466 volens
1561 3430 1618 3466 suo
1629 3428 1813 3467 frustratur
1827 3432 1950 3471 effeetu
1964 3464 1975 3478 .
2004 3436 2155 3472 afficitur
2167 3437 2269 3473 tristi-

1313 3485 1384 3517 tia:
1402 3480 1437 3515 id
1455 3492 1572 3515 autem
1585 3479 1775 3526 longiisime
1788 3483 1912 3519 abestri
1930 3486 2038 3522 Deo:
2064 3498 2149 3532 ergo
2164 3487 2269 3534 ipfius

1312 3534 1427 3566 omnis
1442 3531 1606 3565 voluntas
1630 3529 1836 3579 beneplaciti
1861 3534 2089 3570 infallibiliter
2104 3537 2272 3585 adimple-

1314 3590 1375 3616 tur
1388 3606 1397 3615 .
1481 3613 1484 3617 .

1367 3630 1430 3666 An
1455 3631 1718 3666 ARGUMENTA
1745 3658 1755 3667 .
1792 3632 1848 3668 Ad
1872 3639 2025 3682 primum
2053 3634 2273 3681 respondeo:

1313 3678 1644 3728 quamvisApostoli
1658 3679 1854 3718 auetoritas
1867 3684 1979 3730 posset
1991 3684 2138 3730 intelligi
2159 3685 2275 3723 secun-

1316 3731 1400 3766 diim
1415 3727 1692 3765 distributionem
1713 3733 1956 3775 accomodaru,
1973 3746 2038 3780 pro
2051 3735 2214 3771 omnsbus
2233 3743 2280 3776 ni.

1319 3785 1447 3817 mirum
1461 3803 1472 3821 ‚
1492 3782 1552 3828 qui
1568 3777 1650 3816 salvi
1666 3778 1770 3816 fient:
1794 3786 1913 3827 aptius
1925 3795 2044 3822 tamen
2062 3783 2206 3821 videtur
2219 3799 2278 3823 ex-

1815 3831 1828 3865 1
1860 3837 1868 3868 i
2118 3838 2202 3882 poni
2218 3863 2229 3878 ,

2319 779 2518 814 3.dir}.3:.§,1÷74
