2650 4142
61 2195 203 2229 quiin-346·
217 2196 277 2221 ‹ia-

77 2946 214 2980 ueterum
223 2938 260 2971 pri

77 2982 193 3008 tipioqq
204 2981 273 3000 nai.

334 214 449 321 augit
466 290 582 316 tamen
602 278 620 314 a
638 276 802 312 causabili
827 277 1062 313 necessitatem
1076 288 1172 324 ‚quae
1187 274 1245 311 etsi
1266 280 1299 310 in

332 336 366 371 se
386 330 558 380 perfefitio
572 328 775 374 simpliciter
787 353 797 368 ‚
822 326 871 361 est
893 327 1119 363 nihilominus
1133 326 1299 361 causabiii

331 379 633 429 incompolfibilis:
660 378 693 412 8<
719 377 841 412 tribuit
870 377 1015 413 causato
1043 375 1294 424 perfectionem

331 432 391 469 fibi
410 427 705 477 compossibilem3
727 424 1072 475 quemadmodum&
1092 426 1298 461 valuntarie‘

327 483 475 519 causare
490 481 576 516 dicit
596 477 740 513 modum
754 474 1027 526 compoffibilem
1047 474 1103 524 ipsi
1121 475 1296 510 causatio-

326 545 360 569 ni
376 559 385 568 .

374 583 432 618 Ad
461 577 767 616 confirmetionem
799 575 985 612 dicendum
1001 603 1011 618 ‚
1033 586 1094 611 ens
1120 573 1294 609 caufiibile

323 634 453 669 habere
468 642 534 666 non
550 629 644 676 posse
659 626 874 662 differentias
888 629 1072 672 necessarz'i
1086 653 1095 666 ‚
1113 624 1144 658 8(
1157 624 1292 671 poffibi-

326 685 372 718 lis
385 710 394 724 ,
421 686 491 716 imo
507 677 626 714 omne‘
642 676 814 712 causabile
838 675 886 712 est
900 676 1099 722 simpliciter
1110 673 1289 721 pastilam

323 736 435 780 igitur
458 742 525 764 non
539 727 586 763 est
604 726 881 773 imperfefflonis
898 729 930 761 in
944 725 1043 760 causa
1059 725 1101 758 ad
1118 736 1178 758 eas
1193 721 1291 758 diffe-

323 787 460 818 rentias
473 780 502 814 le
515 777 712 814 extendere
729 788 796 811 non
809 774 925 822 posse3
944 779 1027 821 quia
1047 774 1088 808 :id
1103 772 1289 817 impossibi-

322 835 353 868 le
369 831 461 866 nulla
473 828 523 865 est
538 831 713 874 potentia.
745 825 917 862 Ceterum
943 824 964 859 si
1000 836 1061 871 per
1090 821 1288 869 impossibile

322 885 475 931 primum
498 878 709 914 naturaliter
724 875 880 911 causaret
895 901 906 917 ,
930 885 970 907 ac
985 873 1120 907 subinde
1140 870 1288 905 necessa-

320 936 377 968 rio
390 957 400 972 ,
423 927 515 964 haud
527 926 633 961 essent
649 925 692 961 ab
716 926 774 961 illo
791 927 881 959 entia
894 921 1082 970 possibilia:
1110 922 1182 954 imo
1196 931 1288 966 quae·

321 991 458 1027 cunque
472 977 693 1026 produceret,
715 972 905 1010 necessaria
917 972 1046 1013 forent,
1061 983 1131 1007 non
1149 974 1288 1004 contin-

319 1034 442 1079 gentia
457 1055 466 1063 .

372 1079 430 1116 Ad
442 1081 584 1113 tertium
596 1073 784 1109 dicendum
796 1073 886 1107 inter
899 1071 1020 1107 causas
1047 1070 1214 1107 secundas
1227 1080 1286 1105 na-

321 1130 455 1166 turales
470 1155 479 1169 ‚
506 1126 539 1160 &
553 1136 676 1160 carum
701 1122 849 1159 effeetus
863 1134 930 1157 non
947 1121 1012 1157 effe
1029 1126 1284 1156 connexionem

317 1177 557 1218 necessariam,
572 1173 834 1220 nifisecundum
847 1171 1059 1220 quid.Nulla
1072 1175 1164 1206 enim
1181 1169 1285 1205 causa

318 1227 464 1266 secunda
480 1224 671 1261 necessario
682 1221 886 1271 simpliciter
902 1221 1020 1257 causat
1037 1234 1046 1256 :
1072 1232 1153 1256 nam
1169 1220 1285 1267 quaeli-

317 1280 375 1315 bet
386 1277 485 1313 causa
502 1273 648 1310 secunda
671 1272 848 1319 dependet
873 1271 918 1307 ab
941 1270 1147 1306 habitudine
1165 1274 1286 1318 primae

315 1328 424 1365 causae
438 1327 482 1362 ad
498 1324 676 1360 causatum
687 1348 696 1357 .
726 1321 868 1358 Deinde
880 1348 890 1363 ‚
917 1322 1010 1358 nulla
1025 1322 1123 1357 causa
1137 1320 1283 1356 secunda

314 1377 437 1415 causat
452 1404 462 1419 ‚
483 1373 542 1409 nisi
561 1376 676 1421 prima
690 1373 791 1407 causa
805 1371 969 1408 causante
984 1371 1164 1407 causatum
1181 1370 1260 1417 ejus
1272 1396 1283 1412 ,

313 1429 418 1476 idque
433 1429 532 1475 prius
546 1423 757 1459 naturaliter
773 1421 898 1469 ‚quam
913 1422 983 1470 ipsa
997 1421 1098 1457 causa
1115 1424 1282 1468 proxima

315 1479 434 1514 causet
453 1478 591 1523 :prima
611 1481 732 1508 autem
745 1483 810 1508 non
825 1472 924 1508 causa
935 1482 948 1508 t
961 1500 971 1516 ‚
996 1471 1056 1508 nisi
1071 1474 1281 1516 contingen-

316 1536 370 1563 ter
386 1540 397 1562 ε
409 1537 499 1573 ergo
518 1522 666 1559 secunda
681 1520 878 1568 simpliciter
891 1527 1134 1569 contingenter
1147 1521 1281 1564 causat,

312 1578 395 1614 cum
409 1573 607 1623 dependeat
625 1573 671 1608 ab
684 1572 888 1608 causatione
900 1576 1021 1620 prirnae
1032 1599 1043 1616 ,
1064 1582 1140 1620 quae
1154 1569 1279 1617 simpli

312 1632 400 1663 citer
417 1629 625 1672 contingens
638 1621 712 1658 est.
726 1620 852 1658 Omnis
870 1623 982 1669 igitur
1000 1620 1191 1663 necessitas,
1208 1631 1278 1667 qua

309 1677 469 1727 quaedarn
493 1673 602 1709 causae
631 1672 782 1708 secundae
810 1673 1036 1720 impelluntur
1061 1671 1106 1707 ad
1133 1669 1279 1708 effeetus

308 1723 557 1776 producendos
573 1750 584 1766 ‚
599 1721 647 1759 est
656 1721 1041 1770 necestitassecundum
1052 1723 1141 1770 quid
1153 1721 1280 1757 dunta-
1312 1753 1315 1757 ,

307 1786 375 1812 xat
388 1802 398 1818 ‚
429 1784 606 1823 quatenus
623 1772 755 1808 scilicet
772 1799 782 1814 ,
796 1781 967 1821 quantuni
981 1773 1030 1810 est
1042 1783 1086 1808 ex
1103 1782 1205 1819 parte
1221 1782 1279 1806 ea-

304 1839 385 1865 rum
403 1833 581 1872 nequeunt
599 1834 667 1859 non
681 1822 824 1859 causare
839 1822 1012 1867 effestu33
1039 1823 1058 1859 a
1073 1823 1203 1871 quibus
1223 1830 1280 1856 ta·

306 1888 386 1913 men
399 1872 634 1921 producendis
647 1870 849 1919 simpliciter
860 1872 998 1919 possunt
1013 1872 1216 1919 prohiberi,
1245 1869 1279 1905 8<

306 1924 470 1974 impediri
495 1935 557 1972 per
573 1923 645 1959 Dei
665 1924 864 1968 potentiam
878 1948 889 1964 ‚
913 1931 954 1957 ut
968 1921 1118 1959 eveniss‘e
1142 1919 1278 1957 constat

305 1978 340 2013 in
355 1977 496 2012 fornace
514 1972 709 2021 Babylonis
736 1969 850 2017 (ficut
863 1971 1026 2008 scribitur
1045 1970 1155 2007 Dani.
1172 1970 1230 2018 3.)
1242 1972 1277 2005 in

305 2037 375 2074 qua
399 2029 493 2072 ignis
521 2035 589 2060 non
614 2019 796 2056 combussit
820 2029 894 2056 tres
925 2033 1081 2068 pueros,
1117 2021 1276 2067 alioquin

307 2075 577 2122 consumpturus
590 2099 601 2116 ,
613 2069 636 2106 si
649 2070 721 2108 Dei
740 2070 928 2107 concursus
947 2071 992 2108 ad
1005 2075 1088 2110 e'um
1109 2069 1274 2107 effeetum

304 2131 337 2162 (i
355 2124 466 2174 presto
478 2122 614 2160 fuisset.

358 2175 416 2212 Ad
437 2183 603 2223 quartum
624 2169 876 2217 respondeo‚ad
889 2170 1136 2209 adstruendam
1150 2172 1182 2206 in
1200 2169 1274 2207 Dei

309 2226 455 2263 volunta
464 2235 499 2261 te
514 2234 594 2259 eam
608 2219 860 2268 perfeetionem
872 2249 883 2264 ,
896 2231 966 2270 qua
1001 2223 1109 2269 pollet
1136 2221 1277 2257 intelle-

308 2276 389 2313 ἕως
403 2275 559 2314 divinus,
572 2271 655 2308 satis
667 2270 747 2314 effe,
758 2281 799 2306 ut
815 2273 983 2308 voluntas
1000 2272 1097 2319 possit
1111 2272 1154 2309 ad
1169 2281 1274 2307 omne

309 2325 455 2365 volibile
467 2320 655 2358 volendum
672 2322 700 2356 se
716 2322 907 2358 extendere
922 2336 933 2364 ς
948 2331 1108 2358 ceterum
1134 2333 1201 2357 non
1217 2333 1275 2356 re·-

309 2378 425 2424 quiri,
456 2383 495 2408 ut
519 2371 605 2407 velit
619 2371 786 2417 quicquid
801 2372 889 2408 velle
920 2371 1058 2419 potest3
1081 2375 1165 2419 quia
1192 2380 1276 2407 tunc

309 2428 377 2476 (ut
390 2422 523 2459 dietum
538 2421 587 2456 est
602 2425 631 2455 in
640 2421 793 2456 articulo
806 2422 1051 2468 praecedenti)
1065 2425 1186 2456 omnia
1201 2431 1278 2455 om—

312 2480 394 2514 nino
423 2471 590 2520 possibilia
614 2472 742 2506 realem
767 2469 989 2506 existentiam
1015 2470 1207 2517 aliquando
1233 2469 1280 2504 so-

311 2535 389 2564 rent
405 2524 578 2569 adeptura
593 2547 602 2555 .
620 2521 667 2556 At
681 2531 728 2555 ex
745 2532 788 2556 eo
812 2520 906 2567 quod
932 2521 978 2555 ab
1006 2519 1182 2555 intelleftu
1201 2531 1280 2554 om·

313 2580 374 2613 nia
388 2577 557 2618 accipiant
568 2569 633 2606 effe
649 2570 868 2617 intelligibile
881 2597 891 2612 ‚
924 2580 994 2606 non
1022 2581 1213 2617 propterea
1226 2579 1281 2605 ta-

316 2637 397 2662 men
413 2622 479 2658 esse
492 2621 633 2667 aliquod
647 2620 738 2655 reale
751 2631 854 2656 extra
871 2619 994 2657 Deum
1012 2620 1087 2654 sunt
1103 2620 1282 2661 habitura,

316 2675 377 2712 nisi
408 2673 571 2708 voluntas
589 2671 675 2705 velit
696 2668 776 2715 ipsis
800 2670 870 2703 tale
892 2669 957 2706 else
975 2695 984 2704 .
1015 2669 1142 2716 Neque
1162 2681 1206 2704 ex
1237 2680 1282 2704 eo

319 2724 415 2774 quod
431 2722 512 2758 actu
524 2720 641 2755 tendat
654 2746 665 2761 ‚
690 2719 844 2764 velitque
862 2720 1038 2760 volibilia,
1053 2719 1186 2767 aliquid
1203 2731 1284 2767 per·

320 2774 484 2812 fthionis
498 2770 557 2805 sibi
569 2772 768 2816 acquiritur
781 2780 792 2810 ;
805 2772 889 2814 quia
905 2769 985 2803 eum
996 2769 1103 2805 libere
1119 2769 1203 2805 velit
1215 2795 1225 2811 ‚
1238 2768 1286 2805 fic

321 2835 365 2862 ut
380 2823 471 2859 nolle
488 2828 617 2868 queat,
644 2818 761 2864 aliqua
778 2816 885 2863 posset
909 2830 1029 2854 carere
1046 2818 1262 2862 perfeetione
1276 2846 1287 2863 ‚

323 2874 417 2924 quod
429 2870 479 2907 est
495 2868 710 2915 impossibile,
725 2866 933 2914 Subjeetiva
950 2879 1038 2914 ergo
1055 2870 1285 2912 vitalitas‚seu

262 2946 294 2964 n·
321 2926 551 2972 operativum
567 2917 651 2960 else,
677 2916 725 2953 est
743 2921 774 2952 in
794 2918 976 2953 voluntate
993 2918 1223 2965 perfec‘tionis
1237 2924 1289 2954 in-

325 2975 428 3011 finitas
440 3000 452 3016 ‚
467 2972 499 3007 δι
515 2981 574 3017 per
598 2966 914 3014 independentiam
941 2966 1108 3002 summam
1121 2994 1132 3009 ,
1156 2968 1288 3005 infinite

325 3026 434 3062 libera
446 3051 456 3065 ,
471 3022 504 3056 &
518 3030 657 3066 potens,
673 3017 762 3052 unde
781 3018 812 3051 8(
827 3017 981 3064 sequitui·
994 3020 1058 3064 asse
1073 3019 1263 3053 volitorum
1277 3033 1288 3062 ς

326 3074 381 3112 sed
396 3072 475 3108 aftu
492 3068 663 3110 tendere3
688 3067 743 3102 vel
757 3066 821 3102 esse
833 3066 1111 3103 determinatum
1134 3068 1177 3103 ad
1200 3069 1289 3104 hanc

328 3133 465 3174 partem
478 3149 488 3164 ,
511 3130 549 3154 ut
560 3118 578 3155 a
595 3118 697 3153 nobis
712 3116 1004 3165 apprehenditur,
1017 3129 1082 3152 non
1097 3116 1146 3153 est
1161 3119 1291 3164 aliquid

329 3174 422 3210 reale
438 3176 469 3206 in
486 3183 526 3208 ea
543 3197 553 3213 ,
583 3167 639 3204 sed
654 3166 701 3202 est
714 3167 804 3203 reale
832 3171 865 3201 in
892 3175 1078 3209 creatura,
1099 3168 1289 3206 secundum

326 3225 499 3260 rationem
515 3231 601 3255 vero
616 3220 647 3252 in
666 3218 851 3252 voluntate
863 3215 1001 3259 divina,
1014 3226 1054 3252 ut
1078 3218 1288 3265 intelligitur

326 3272 373 3310 ad
390 3269 552 3308 effeftum
566 3272 750 3303 terminata
766 3292 776 3302 .

379 3321 437 3360 Ad
451 3322 609 3367 quintum
624 3345 634 3359 ,
660 3315 815 3352 concedo
830 3314 1041 3363 assumptum
1060 3315 1185 3362 ‚juxta
1195 3318 1291 3353 ditia

326 3371 554 3421 insolutt'one
585 3380 596 3410 3
621 3367 655 3401 8<
686 3367 730 3402 ad
740 3377 908 3402 minorem
922 3365 1126 3412 respondeo,
1138 3366 1160 3400 fi
1174 3369 1290 3413 magis

325 3421 553 3459 necessarium
567 3421 599 3451 in
616 3421 748 3452 creatis
759 3415 843 3452 esset
857 3417 964 3452 etiam
983 3415 1111 3451 summe
1128 3415 1289 3462 simplex,

324 3473 360 3510 id
379 3471 426 3508 est
437 3499 447 3514 ‚
465 3480 528 3504 nec
540 3465 784 3514 compositum,
796 3477 862 3501 nec
875 3466 1112 3512 componibile
1128 3477 1207 3501 curn
1223 3467 1288 3502 ali-

325 3534 395 3570 qua
409 3522 570 3557 realitate
583 3529 651 3552 non
671 3515 882 3562 necessarifl„
904 3515 974 3551 tale
998 3517 1116 3561 magis
1138 3516 1288 3552 necessa·

324 3576 415 3609 rium
443 3581 490 3606 ex
514 3569 543 3603 se
559 3578 628 3602 non
648 3565 853 3602 habiturum
872 3563 1070 3611 respectum
1085 3567 1214 3602 realem
1244 3566 1287 3601 ad

329 3626 444 3657 minus
467 3615 716 3654 necessarium.
738 3614 1041 3662 Sed'hyquefis
1067 3613 1116 3650 est
1143 3616 1287 3652 omnino

325 3669 552 3716 impoffibiiiS,
566 3678 613 3703 ex
624 3663 727 3701 diftis
745 3664 843 3711 supra
857 3662 1115 3711 quaest.3.art.7.
1132 3669 1172 3700 in
1195 3669 1287 3701 inci·

325 3720 427 3754 demi
443 3721 545 3764 :quia
563 3714 694 3752 etiamsi
712 3713 853 3749 aliouod
867 3725 998 3757 corpus
1016 3714 1147 3750 caeleste
1180 3727 1285 3761 pone·

324 3780 422 3804 retur
435 3770 467 3801 in
483 3767 513 3802 se
531 3765 596 3800 csse
620 3764 844 3801 necessarium
861 3790 871 3806 ‚
895 3776 961 3798 non
995 3773 1111 3799 tamen
1130 3764 1177 3799 est
1202 3765 1285 3799 sum·

327 3818 410 3860 me,
437 3827 498 3853 nec
525 3816 614 3851 adeo
627 3814 790 3863 simplex,
816 3818 899 3862 quin
925 3812 1022 3862 possit
1043 3819 1201 3861 recipere
1224 3814 1284 3850 ali-

839 183 888 249 S
890 203 1104 251 ummae
1110 182 1157 266 J
1158 179 1377 249 oannis
1404 181 1577 248 Duns
1596 182 1769 250 Scoti
1782 230 1799 248 .

1365 286 1472 320 quam
1509 277 1709 312 realitatem
1735 288 1804 312 non
1827 274 2077 320 necessariam,
2098 278 2200 313 aliam
2230 276 2248 312 a
2272 276 2327 312 se.

1364 323 1472 360 Deus
1485 335 1607 361 autem
1625 324 1710 363 sicut
1730 339 1797 362 non
1816 326 1929 372 potest
1942 326 2005 362 esse
2021 327 2105 363 illud
2120 355 2131 370 ,
2160 327 2255 374 quod
2281 326 2328 362 est

1364 377 1396 409 in
1417 373 1597 410 ordinead
1614 377 1746 424 aliquid
1770 388 1836 411 non
1861 387 1907 411 ex
1936 378 1966 411 se
1989 378 2215 413 necessarium
2239 389 2248 412 :
2279 381 2327 412 ita

1360 428 1481 471 nequit
1511 424 1642 460 habere
1679 427 1819 473 alquam
1847 426 2043 461 realitatem
2075 431 2108 461 in
2130 428 2254 462 ordine
2280 426 2326 462 ad

1362 473 1497 520 aliquid
1517 475 1587 509 tale
1601 501 1610 516 ‚
1626 478 1710 522 quia
1726 476 1783 511 illa
1798 476 1941 510 realitas
1954 474 2034 511 esset
2045 476 2151 522 ipsum
2164 502 2174 510 .

1410 523 1468 560 Ad
1486 522 1623 559 sextum
1643 535 1741 570 patet
1757 535 1802 560 ex
1818 525 1923 561 distis
1937 552 1946 567 ‚
1965 527 2114 571 qualiter
2134 525 2237 561 Deus
2262 524 2321 561 etsi

1359 572 1551 609 necessario
1577 574 1663 610 velit
1685 576 1880 610 bonitatem
1896 575 2322 621 suam,centingenterta-

1359 635 1440 658 men
1456 623 1533 659 vult
1552 636 1594 659 ea
1609 651 1619 665 ,
1634 636 1710 671 quae
1726 625 1847 659 ordine
1864 625 2001 661 tantum
2030 625 2240 660 accidentali
2265 637 2321 660 or-

1359 673 1526 709 dinantur
1542 674 1584 708 ad
1603 674 1772 708 summum
1791 674 1920 709 bonum
1936 687 1945 710 τ
1961 678 2091 721 quippe
2106 685 2182 721 qum
2205 675 2252 709 illi
2274 675 2322 710 as-

1357 722 1555 768 stquendo,
1580 734 1641 758 aut
1661 723 1821 759 babendo
1838 752 1848 767 ,
1873 735 1932 759 aut
1955 723 2107 760 amando
2137 736 2257 759 :imore
2289 729 2321 760 ei

1358 772 1546 818 adaquato
1562 799 1572 814 ,
1590 774 1731 808 minime
1748 773 1808 808 lint
1822 774 2006 810 necessaria
2026 786 2115 809 :nec
2129 778 2322 821 quicquam

1358 820 1594 857 additamenti
1616 827 1646 858 in
1660 822 1875 870 perfiftione
1893 823 1952 859 sibi
1971 824 2138 860 obvenire
2150 833 2259 872 queat
2276 833 2322 860 ex

1359 873 1447 907 iliis.

1407 922 1466 957 Ad
1485 923 1649 958 ultimum
1664 923 1853 970 respondeo
1868 949 1877 964 ‚
1894 923 2014 958 Deum
2041 927 2164 970 utique
2180 928 2210 960 in
2226 934 2321 960 aeter-

1355 973 1462 1009 nitate
1483 972 1570 1008 velle
1582 973 1749 1019 quicquid
1764 973 1861 1009 vult:
1880 973 1934 1008 sed
1951 984 2068 1010 tamen
2085 978 2131 1009 ita
2159 974 2266 1016 velle,
2280 983 2321 1008 ut

1355 1021 1607 1069 eligerequeat
1624 1021 1825 1068 oppositum
1840 1023 1938 1070 ejus,
1966 1028 1999 1058 in
2023 1023 2119 1071 quod
2148 1024 2260 1059 tendit
2283 1024 2318 1058 in

1354 1071 1480 1106 eodem
1497 1071 1657 1107 instanti:
1686 1072 1864 1109 Voluntas
1877 1077 1970 1109 enim
1988 1077 2084 1121 prior
2112 1074 2321 1108 naturaliter

1354 1119 1401 1155 cst
1419 1122 1605 1158 tendentia
1620 1121 1675 1156 sua
1689 1125 1721 1157 in
1735 1123 1875 1170 objefta
1899 1124 2033 1165 volita,
2065 1122 2219 1169 ideoque
2237 1126 2319 1168 quia

1353 1171 1463 1207 libere
1478 1171 1588 1208 tendit
1603 1198 1615 1214 ‚
1633 1171 1750 1218 potest
1763 1172 1903 1208 divisim
1931 1182 2125 1220 utrumque
2143 1171 2320 1218 opposito-

1353 1233 1444 1256 rum:
1460 1232 1530 1257 uno
1543 1232 1660 1257 tamen
1677 1222 1961 1270 volito‚scquitur
1980 1222 2044 1258 esl‘e
2069 1221 2297 1258 necessarium
2309 1248 2320 1264 ,

1351 1271 1549 1307 necessitate
1575 1271 1830 1318 consequentiae
1856 1272 2037 1308 duntaxat
2060 1300 2071 1317 ,
2106 1283 2174 1307 non
2201 1272 2318 1307 conse·

1351 1324 1503 1368 quentis,
1518 1322 1551 1356 &
1566 1321 1741 1358 absoluta:
1756 1334 1839 1358 cum
1856 1321 2056 1370 simpliciter
2080 1324 2237 1369 potuerit
2250 1334 2320 1358 non

1352 1375 1501 1407 evenire
1514 1399 1523 1413 ‚
1538 1370 1560 1406 si
1578 1371 1679 1407 Deus
1688 1371 1896 1419 oppositum
1908 1400 1916 1408 .
1933 1382 1971 1408 ut
1986 1382 2127 1420 poterat
2139 1399 2150 1415 ‚
2166 1371 2318 1408 statuere

1351 1420 1543 1458 maluisset.
1558 1415 1881 1468 Hinc'quaecunque
1896 1423 1973 1458 sunt
2002 1423 2110 1459 volita
2130 1433 2147 1456 a
2175 1421 2259 1457 Deo
2283 1425 2318 1456 in

1348 1473 1539 1507 aeternitate
1555 1498 1566 1514 ,
1588 1471 1664 1506 sunt
1679 1471 1869 1507 necessario
1885 1473 1997 1508 volita
2030 1470 2226 1508 necessitate
2251 1475 2319 1506 im-

1349 1520 1597 1557 mutabilitatis
1611 1525 1716 1567 3quia
1733 1520 1933 1568 oppositum
1945 1526 2088 1558 evenire
2102 1525 2223 1568 nequit
2236 1549 2246 1565 ‚
2260 1532 2319 1555 ne-

1348 1581 1471 1617 queex
1482 1580 1582 1618 parte
1607 1570 1711 1606 αξξυς
1737 1582 1852 1618 neque
1875 1582 1923 1607 ex
1950 1582 2051 1619 parte
2075 1570 2234 1618 objectu
2260 1568 2319 1606 sed

1347 1681 1424 1717 quae
1451 1674 1651 1716 potentiam
1673 1670 1834 1705 excludit
1857 1670 2163 1709 determinationis
2186 1668 2324 1716 opposi-

1349 1730 1394 1758 tae
1407 1747 1417 1763 ‚
1433 1723 1516 1768 quia
1539 1717 1738 1767 oppositum
1752 1723 1896 1756 omnino
1910 1724 2028 1766 potuit
2046 1718 2297 1759 determinari,

1535 1816 1812 1857 ARTICLUS
1851 1818 2112 1857 INCIDENS
2127 1847 2137 1856 .

1445 1919 1505 1956 An
1521 1918 1626 1956 Deus
1639 1919 1892 1967 dejneeesfitate
1907 1921 1996 1956 velit
2012 1930 2195 1957 creaturas
2207 1944 2217 1955 .

1734 1970 1911 2020 possibiles
1926 1996 1935 2006 .

1409 2069 1508 2107 Doti.
1527 2082 1555 2116 3.
1571 2067 1650 2115 dest.
1667 2071 1832 2119 32.§.Hic
1844 2073 1911 2106 tria
1929 2055 2066 2106 V.Haec
2081 2068 2257 2116 conclusio

1449 2119 1634 2168 Thomtstae
1644 2122 1690 2156 ad
1703 2131 1772 2156 art.
1789 2132 1819 2168 3.
1833 2133 1865 2168 q.
1886 2123 2066 2167 19.primae
2074 2122 2198 2168 partis
2209 2146 2219 2156 .

1467 2218 1676 2257 IDETUR
1693 2221 1799 2258 Deus
1813 2219 2004 2255 necessario
2020 2219 2120 2262 velle,
2137 2227 2247 2265 atque
2262 2218 2320 2254 di-

1348 2381 1490 2418 quoque
1502 2370 1613 2404 tendit
1630 2374 1662 2405 in
1680 2368 1868 2417 quodlibet
1880 2397 1892 2413 ‚
1914 2370 1973 2405 ubi
2003 2367 2192 2406 necessario
2216 2380 2319 2416 repe-

1350 2424 1439 2455 ritur
1451 2419 1541 2455 ratio
1553 2419 1600 2454 sui
1625 2421 1727 2466 perse
1754 2419 1912 2468 objecti:
1938 2418 1994 2455 sed
2017 2430 2191 2457 creatura:
2213 2418 2319 2466 poss‘i-

1354 2470 1443 2504 biles
1460 2467 1649 2506 necessario
1674 2472 1888 2517 participant
1905 2471 2062 2516 aliquam
2077 2474 2251 2505 rationem
2264 2468 2319 2505 di·

1349 2521 1440 2555 vinae
1455 2518 1623 2554 bonitatis
1637 2531 1646 2554 :
1661 2518 1714 2554 Eo
1729 2524 1821 2555 enirn
1845 2519 1951 2567 pasto
1964 2546 1974 2562 ‚
1994 2530 2067 2565 quo
2093 2519 2168 2554 sunt
2193 2520 2289 2555 entia
2304 2547 2317 2564 ,

1349 2569 1425 2605 sint
1442 2571 1578 2615 pariter
1591 2580 1673 2603 vera
1691 2595 1701 2610 ‚
1728 2569 1762 2603 &
1779 2569 1868 2605 bona
1882 2581 1892 2604 τ
1907 2580 1994 2615 ergo
2006 2579 2086 2603 cuin
2113 2568 2234 2604 divina
2259 2581 2322 2604 vo·

1351 2619 1470 2654 luntas
1484 2616 1673 2652 necessario
1688 2629 1783 2655 amet
1795 2619 1889 2654 suam
1903 2619 2099 2654 bonitatem
2111 2644 2122 2660 ‚
2148 2626 2318 2664 tanquam

1355 2679 1418 2717 per
1436 2668 1465 2703 se
1482 2665 1667 2712 objeeium
1681 2695 1692 2712 ‚
1712 2668 1838 2714 diligat
1855 2667 2042 2704 necessario
2053 2676 2195 2714 oportet
2219 2672 2320 2715 quic·

1352 2717 1436 2766 quid
1453 2717 1500 2753 est
1523 2717 1578 2751 sua
1597 2717 1752 2755 bonitate
1773 2719 1902 2755 bonum
1917 2745 1928 2763 ,
1949 2716 2138 2767 cujusmodi
2160 2716 2235 2755 sunt
2259 2718 2321 2759 suo

1354 2767 1464 2805 modo
1478 2771 1572 2804 entia
1587 2766 1760 2815 possibilia
1772 2796 1782 2805 .

1405 2818 1579 2854 Praeterea
1592 2817 1795 2854 :Voluntas
1812 2817 1934 2855 divina
1946 2816 1981 2852 in
1994 2819 2190 2853 ‘aeternitate
2201 2816 2252 2855 est
2264 2830 2321 2855 ra·

1354 2873 1408 2907 tio
1432 2866 1575 2905 volendi
1599 2866 1751 2903 alterum
1771 2867 1970 2915 oppositum
1999 2870 2033 2902 in
2060 2867 2320 2917 quibuscunque

1359 2920 1438 2956 aliis
1453 2917 1472 2955 :¹1
1488 2918 1518 2953 se
1532 2930 1541 2952 ε
1556 2919 1668 2964 igitur
1684 2916 1743 2952 sibi
1759 2915 1998 2953 abintelleflu
2026 2917 2241 2965 praesentetis
2268 2924 2322 2955 in·

1358 2969 1468 3004 finitis
1477 2968 1619 3014 prorsus
1634 2967 1859 3014 possibilibus
1872 2994 1882 3010 ‚
1896 2977 1959 3003 aut
1977 2979 2019 3002 ea
2038 2968 2115 3003 vult
2127 2967 2322 3014 diligendo,

1357 3016 1651 3065 &complacendo
1672 3016 1702 3052 se
1716 3018 1751 3052 in
1766 3018 1862 3059 iliis,
1886 3026 1949 3053 aut
1976 3029 2046 3052 non
2066 3019 2144 3054 vult
2159 3017 2243 3054 odio
2260 3019 2324 3055 ha·

1358 3068 1499 3106 hendo.
1524 3067 1564 3102 Si
1595 3070 1746 3113 primum
1764 3093 1775 3110 ‚
1801 3067 1950 3104 habetur
1973 3067 2210 3115 propositum:
2239 3071 2322 3116 quia

1357 3121 1480 3155 saltem
1505 3116 1523 3152 ἐι
1546 3116 1604 3151 sua
1619 3115 2114 3163 perfeetionefibiimponitur
2142 3119 2324 3157 necessitas

1359 3170 1415 3204 illa
1439 3165 1629 3212 diligendi,
1651 3179 1694 3202 eo
1718 3166 1815 3214 quod
1849 3179 2000 3214 nequeat
2024 3171 2120 3202 circa
2145 3168 2325 3217 objectum

1359 3217 1502 3265 aliquod
1530 3215 1594 3252 effe
1614 3216 1786 3263 suspensa,
1814 3215 1848 3251 &
1868 3216 1962 3264 quasi
1989 3217 2185 3264 perplexa:
2208 3217 2231 3253 fi
2254 3229 2324 3254 non

1360 3269 1458 3304 vult:
1482 3271 1590 3311 igitui-
1606 3265 1654 3302 est
1678 3269 1710 3302 in
1724 3268 1794 3302 illis
1811 3267 1926 3314 aliqua
1940 3271 2030 3303 ratio
2051 3268 2159 3311 mali,
2178 3276 2324 3315 propter

1356 3328 1464 3366 quam
1483 3315 1700 3351 solummodo
1715 3317 1817 3353 Deus
1831 3317 1914 3353 odio
1929 3317 2039 3353 habet
2050 3318 2217 3365 quicquid
2234 3316 2323 3353 odit.

1408 3365 1580 3401 Praeterea
1592 3393 1601 3408 ,
1617 3366 1687 3402 Dei
1705 3376 1742 3401 ut
1758 3369 1996 3415 intelligentis,
2010 3367 2042 3402 8<
2057 3377 2096 3403 ut
2109 3372 2258 3404 creativi
2272 3365 2322 3403 est

1354 3415 1543 3454 necessaria
1572 3419 1746 3451 connexio
1773 3428 1853 3452 cum
1883 3421 2054 3452 creaturis
2078 3421 2253 3464 cognitis,
2280 3428 2324 3452 ac

1355 3466 1600 3515 possibilibus:
1631 3466 1683 3501 sed
1708 3465 1729 3499 fi
1758 3477 1802 3502 ex
1828 3467 2033 3503 necessitate
2073 3479 2139 3502 non
2171 3466 2320 3501 haberet

1352 3516 1625 3562 complacentiae
1651 3514 1814 3551 affectum
1829 3522 1923 3552 circa
1941 3514 2120 3564 possibilia
2133 3543 2143 3557 ‚
2157 3515 2192 3550 id
2212 3515 2322 3561 potis-

1354 3567 1475 3602 simum
1489 3564 1571 3600 esset
1584 3590 1594 3606 ‚
1609 3568 1692 3612 quia
1713 3565 1774 3600 sibi
1786 3574 2001 3614 repugnaret
2015 3567 2192 3600 connexio
2203 3564 2321 3599 neces-

1352 3617 1440 3652 saria
1457 3614 1500 3650 ad
1521 3626 1725 3649 creaturas:
1743 3619 1854 3662 igitur
1867 3616 1915 3653 est
1931 3620 1963 3650 in
1990 3614 2074 3650 Deo
2099 3625 2199 3650 amor
2223 3625 2318 3649 com-

1350 3667 1533 3713 placentia:
1549 3663 1758 3700 necessarius
1777 3670 1872 3701 circa
1892 3663 2067 3711 possibilia
2080 3690 2091 3698 .

1346 3765 1527 3803 omnialio
1544 3761 1562 3797 a
1580 3763 1609 3799 se
1623 3791 1634 3805 ,
1663 3765 1696 3798 8ι
1710 3769 1846 3799 ratione
1859 3759 1980 3798 finita:
2011 3774 2099 3808 ergo
2124 3776 2184 3810 per
2200 3761 2315 3798 infini—

1347 3826 1419 3851 tain
1438 3812 1747 3859 independentiam
1759 3813 1862 3848 distat
1877 3811 1895 3848 ἐι
1911 3817 2085 3848 creaturis
2110 3813 2154 3849 ad
2167 3815 2257 3850 illam
2272 3811 2316 3846 es}

2204 3863 2272 3896 sen-

2359 562 2400 588 De
2408 564 2456 588 hoc
2468 559 2548 589 etlam
2559 571 2582 596 4.

2360 597 2516 627 ‘list-4⁶³1&

2356 1553 2483 1586 Qiodiib.
2489 1563 2503 1585 q
2509 1571 2515 1576 .
2523 1554 2577 1586 85·

2356 1587 2498 1612 secundum
2509 1589 2575 1613 VAE:

1347 1631 1416 1655 non
1448 1620 1521 1656 sunt
1555 1618 1744 1656 necessaria
1778 1619 1976 1657 necessitate
2001 1620 2320 1663 inevitabilitatis,
2348 1619 2524 1654 figuram.

1478 2270 1590 2315 ligere
1600 2280 1782 2306 creaturas
1798 2270 1970 2317 poffibiles
1990 2281 2000 2305 :
2017 2267 2183 2308 Potentia
2204 2268 2318 2305 neces·
2350 2249 2572 2311 ssfffflssssii'issssffl

1347 2320 1436 2357 sario
1457 2318 1607 2356 tendens
1623 2323 1655 2356 in
1675 2321 1770 2355 suum
1791 2332 1851 2365 per
1866 2321 1895 2355 se
1908 2317 2086 2365 objectum
2103 2318 2318 2360 ,necessario
2349 2314 2426 2340 ‘''3''

2352 2851 2377 2873 ι·
2386 2845 2486 2881 dinas-

2354 3376 2482 3412 Qoaiib.
2492 3386 2516 3408 .-
2529 3376 2553 3401 a.

1902 3716 1908 3722 .
2356 3691 2397 3718 Di»
2409 3698 2496 3716 rerum
2510 3690 2574 3719 prin·
2618 3699 2621 3710 ι

1399 3716 1543 3751 Comi(
1553 3727 1589 3753 Α,
1607 3715 1708 3750 Deus
1724 3714 1774 3749 est
1787 3714 2009 3750 essentialiter
2023 3713 2257 3760 independens
2269 3712 2315 3747 ab
2354 3726 2554 3755 cipi0.4.4.n·=9.
