2617 4142
146 427 172 510 '2:92’

182 419 206 514 κΝΞτ

145 940 210 965 θεᾶν.
224 944 246 962 1.
257 946 283 966 ss·
296 946 320 963 Ι·

144 1116 197 1142 ca,
209 1121 230 1145 ⁴-
242 1119 317 1145 fl·36·

152 1993 192 2018 De
200 1999 286 2017 rerum
297 2002 363 2033 prim

154 2040 281 2084 huilli-ils.
298 2075 323 2098 q,
342 2074 364 2092 3,

158 2943 219 2969 Cap.
233 2946 253 2963 1·
264 2945 291 2963 Ι.
304 2947 326 2965 ι.

158 2978 220 3002 (ηρ.
232 2980 256 3004 3·
268 2980 294 2996 n·
308 2979 329 2997 1.

162 3014 183 3030 Ι.
201 3009 271 3032 Sent-
289 3008 373 3030 distin·

160 3047 185 3061 u.
202 3056 207 3061 .
222 3047 239 3061 ιΙ
289 3055 293 3061 i
333 3054 340 3061 ο

160 3071 244 3103 Quill
286 3079 310 3101 q.
332 3077 374 3096 ιι.

161 3109 297 3133 austum.

259 426 279 508 μνη-ἠ

329 426 350 508 ·<υο

352 435 362 475 ..

401 321 439 358 ἃ
465 316 683 365 methodo,
709 326 751 356 ut
778 315 869 357 inde
892 316 915 356 ὲ
941 315 1009 370 piis
1036 316 1254 370 plurimum
1283 315 1448 355 utilitatis
1472 316 1707 369 percipiatur
1727 350 1739 369 ‚
1762 317 1801 357 &
1832 330 2089 373 quaecumque
2105 320 2153 360 de
2171 315 2363 360 infallibili

402 377 639 417 revelatione
671 375 855 414 Veritatis
886 375 935 415 ad
962 388 1033 415 nos
1075 375 1322 418 devenerunt
1350 373 1567 415 firmissime
1599 375 1831 425 credentes,
1857 377 1973 418 etiam
2002 378 2116 420 certis
2148 376 2362 420 rationibus

399 434 516 489 prout
533 438 710 474 humanae
739 435 889 474 licuerit
910 432 1189 482 imbecillitati,
1213 443 1348 473 tenere
1378 432 1588 486 satagamus
1617 464 1626 472 .
1658 434 1774 473 Hanc
1799 434 1907 475 enim
1937 437 2040 477 viam
2071 437 2330 491 Augustinum
2348 465 2361 486 ,

399 497 436 533 ἃ
453 492 880 546 Anselmumingressos
895 491 998 534 fuisse
1013 494 1162 535 constat
1176 521 1188 542 ,
1217 493 1283 545 qui
1297 490 1791 546 credentesinquirebant,
1814 501 1855 533 ut
1868 505 1941 547 per
1967 496 2135 536 rationes
2167 496 2357 549 intellige-

398 562 487 593 rent
501 565 545 592 ea
560 580 572 600 ‚
594 564 679 603 quae
693 551 946 593 crediderunt
963 581 974 593 .

396 668 689 754 Magistri
708 671 890 736 Scoti
911 671 1132 736 Oratio
1156 668 1554 752 Theologica
1574 668 1650 733 ad
1673 672 1882 736 Deum
1907 666 2297 736 Altiffimum
2343 719 2359 735 .

915 763 1017 829 Ex
1039 765 1192 830 libro
1211 764 1488 849 deprimo
1509 763 1814 852 Principio
1830 813 1844 829 .
2118 778 2119 781 ’

694 906 928 949 ΟΜΙΝΕ
959 908 1064 948 Deus
1093 906 1222 947 noster
1247 933 1258 956 ‚
1294 904 1425 962 Moysi
1451 905 1562 947 servo
1594 917 1688 957 tun,
1712 908 1760 949 de
1789 918 1858 951 tuo
1903 909 2083 952 Nomine
2114 904 2196 948 filiis
2237 907 2350 948 Israel

399 903 668 1133 D
710 967 1000 1021 proponendo,
1026 967 1047 1005 ἐι
1074 976 1110 1004 te
1137 966 1314 1006 DoCtore
1342 964 1584 1006 veracislimo
1611 969 1883 1020 percontanti,
1915 969 2036 1013 sciens
2062 968 2157 1019 quid
2181 966 2229 1007 de
2257 970 2358 1011 Te,

709 1026 829 1079 poslet
850 1026 1059 1078 concipere
1084 1024 1297 1065 intellectus
1328 1024 1553 1064 mortalium
1584 1053 1594 1072 ,
1640 1027 1806 1067 Nomen
1833 1037 1943 1070 tuum
1984 1025 2232 1068 benedictum
2260 1024 2360 1066 rese.

707 1097 819 1133 rans,
847 1082 1069 1138 respondisti
1096 1097 1104 1122 :
1132 1084 1212 1138 Ego
1230 1080 1322 1140 firm
1353 1082 1420 1139 qui
1432 1079 1546 1139 siam,
1569 1085 1696 1125 Exodi
1721 1101 1760 1137 3.
1787 1088 1850 1128 Tu
1877 1101 1916 1128 es
1945 1100 2086 1128 verum
2102 1082 2166 1144 effe
2195 1101 2206 1133 3
2233 1087 2296 1125 Tu
2319 1097 2358 1123 es

393 1151 520 1181 totuin
547 1136 610 1198 ‘ffi'
642 1171 651 1181 .
679 1145 742 1183 Tu
768 1143 874 1182 enim
902 1156 941 1183 es
965 1142 1137 1196 primum
1163 1144 1343 1182 omnium
1372 1141 1540 1182 efficiens
1565 1172 1576 1192 ,
1617 1144 1791 1197 itemque
1814 1147 1972 1188 ultimus
1998 1145 2084 1187 finis
2112 1175 2121 1184 .
2147 1146 2210 1185 Tu
2224 1141 2357 1197 supre-

392 1213 478 1239 mus
505 1200 542 1238 in
568 1199 810 1253 persecstionc
828 1229 839 1251 ,
863 1203 902 1242 &
932 1203 1070 1242 cuneta
1094 1201 1368 1242 transcendens
1394 1230 1403 1240 .
1427 1203 1488 1242 Tu
1518 1204 1668 1255 penitus
1696 1203 1933 1255 incausatus,
1961 1205 2048 1245 ideo
2089 1204 2256 1244 omnine>
2283 1203 2357 1242 im-

393 1256 565 1312 poflibile
597 1272 678 1303 non
702 1260 798 1310 esse,
825 1274 870 1302 ac
897 1260 1110 1315 propterea
1129 1270 1316 1310 aeternus,
1344 1261 1744 1303 interminabilitatem
1770 1262 1988 1306 durationis
2013 1263 2126 1308 simul
2154 1291 2166 1312 ,
2203 1275 2257 1314 ac,
2278 1261 2359 1315 ple·

395 1315 545 1358 niffime
575 1317 791 1370 poffidens,
815 1321 996 1374 potentiae
1021 1321 1151 1360 omnis
1175 1320 1224 1361 ad
1248 1319 1520 1361 successionem
1549 1335 1687 1374 expers
1718 1353 1726 1362 .
1760 1325 1822 1364 Tu
1847 1324 1982 1366 vivens
2011 1325 2089 1365 vita
2116 1318 2360 1369 nobilissima»

394 1377 485 1429 quia
510 1377 751 1431 intelligens,
776 1380 814 1419 &
836 1380 972 1420 volens
1000 1410 1009 1420 .
1034 1382 1097 1421 Tu
1121 1380 1278 1428 beatus,
1309 1379 1392 1420 imo
1416 1378 1492 1433 ipsa
1514 1379 1713 1422 beatitudo
1741 1410 1753 1431 ‚
1790 1384 1881 1435 quia
1919 1392 1959 1424 tu
1990 1396 2028 1423 es
2053 1378 2358 1435 comprehensio

396 1436 449 1475 tui
478 1434 586 1487 ipsius
612 1465 622 1477 .
646 1440 709 1478 Tu
738 1437 830 1478 visio
858 1439 932 1479 Tui
962 1440 1090 1487 clara,
1121 1441 1160 1480 &
1183 1440 1338 1480 dileetio
1365 1438 1631 1491 jucundissima
1662 1454 1671 1480 z
1696 1443 1735 1482 &
1763 1442 1853 1483 licet
1873 1443 1912 1482 in
1941 1445 1998 1484 Te
2026 1441 2108 1482 solo
2133 1440 2290 1488 beatus,
2317 1439 2358 1478 &

395 1494 485 1535 Tibi
500 1492 651 1536 summe
669 1495 749 1538 sine
764 1498 844 1536 aliis
860 1497 1016 1538 sufficias
1030 1526 1041 1547 ,
1068 1501 1131 1539 Tu
1142 1508 1275 1539 tamen
1291 1510 1413 1539 omne
1428 1498 1669 1553 intelligibile
1687 1499 1799 1541 simul
1813 1502 1900 1542 astu
1918 1500 2098 1554 intelligis
2123 1530 2132 1539 .
2156 1501 2219 1539 Tu
2235 1509 2358 1538 omne

397 1552 582 1594 causibile
597 1556 903 1609 contingenter,
926 1559 965 1597 ὃ(
995 1556 1117 1598 libere
1146 1556 1259 1598 simul
1282 1567 1390 1610 potes
1420 1558 1546 1607 velle,
1572 1560 1612 1598 &
1640 1560 1813 1599 volendo
1828 1559 2009 1606 causare,
2037 1556 2230 1599 verissime
2259 1569 2360 1610 ergo

397 1611 607 1652 esinfinitae
620 1616 800 1667 potentiae
828 1646 837 1655 .
863 1614 1368 1669 Tuincomprehensibilis,
1394 1614 1566 1658 infinitus
1595 1630 1604 1656 ε
1629 1620 1737 1659 Nam
1761 1619 1855 1658 nihil
1874 1620 2011 1660 cuncta
2039 1617 2180 1665 sciens,
2207 1616 2258 1656 est
2272 1614 2361 1663 fini-

398 1681 510 1718 tum3
534 1672 623 1712 nihil
641 1672 997 1726 potentiaeinsinitae
1010 1676 1061 1717 est
1075 1674 1253 1723 finitum3
1280 1676 1373 1715 nihil
1398 1672 1627 1728 supremum
1654 1677 1692 1718 in
1718 1676 1871 1717 entibus
1888 1704 1900 1726 ,
1929 1687 2047 1729 atque
2070 1674 2156 1715 finis
2180 1675 2360 1723 ultimus,

399 1730 451 1770 est
469 1728 645 1779 finitum,
673 1746 745 1773 nec
758 1732 866 1787 perse
894 1735 1055 1775 existens
1086 1733 1247 1788 simplex
1273 1735 1447 1788 penitu5‚
1475 1735 1526 1775 est
1556 1733 1711 1776 finitum
1736 1766 1746 1775 .
1774 1738 1838 1776 Tu
1860 1749 1898 1776 es
1926 1734 2111 1784 infinitae,
2136 1736 2175 1775 &
2202 1733 2360 1774 summae

398 1789 671 1843 simplicitatis,
696 1793 818 1832 nullas
836 1804 962 1845 partes
977 1793 1124 1835 habens
1142 1807 1183 1833 re
1196 1793 1385 1834 distinctas
1412 1824 1420 1833 .
1450 1796 1512 1834 Tu
1539 1792 1636 1834 solus
1666 1794 1889 1849 (impliciter
1921 1807 1959 1835 cs
1986 1793 2179 1849 perfectus
2199 1821 2210 1842 ,
2229 1793 2288 1834 cui
2305 1792 2364 1832 ni-

399 1851 453 1890 hil
469 1849 570 1889 deest
585 1851 682 1889 entis
695 1850 877 1906 possibilis
894 1851 1005 1893 alicui
1021 1851 1135 1893 inesse
1164 1882 1174 1892 .
1199 1853 1577 1893 Pieriomninonon
1604 1855 1725 1908 potest
1744 1883 1755 1904 ,
1786 1854 1974 1896 mentitas
2004 1854 2133 1895 omnis
2161 1853 2201 1895 in
2231 1852 2365 1904 aliquo

399 1905 613 1948 secundum
629 1909 699 1950 ess'e
715 1909 883 1952 formale
895 1940 907 1961 ,
932 1913 971 1952 ὅ(
984 1912 1192 1966 proprium
1208 1914 1449 1965 reperiatur-3
1474 1910 1535 1951 sed
1550 1914 1672 1965 potest
1687 1915 1726 1955 in
1750 1914 1884 1966 aliquo
1899 1912 2117 1953 formaliter
2134 1940 2146 1961 ,
2173 1912 2235 1952 vel
2263 1908 2364 1951 emi-

399 1977 541 2007 nenter
571 1967 729 2018 haberi,
758 1970 968 2023 quomodo
995 1980 1037 2011 tu
1060 1972 1165 2012 Deus
1195 1971 1437 2024 praeaccipis‚
1461 1973 1501 2012 &
1539 1971 1702 2025 poffides
1732 1973 1919 2026 quicquid
1946 1973 1998 2021 est
2022 2000 2035 2023 ,
2070 1973 2110 2012 δε
2136 1970 2207 2012 esse
2237 1968 2364 2024 potest

400 2024 647 2081 perfectionis
664 2028 702 2068 in
719 2027 895 2079 entibus,
922 2029 1012 2071 ideo
1031 2030 1069 2070 in
1096 2029 1305 2083 supremo,
1332 2029 1611 2083 celfiffimoque
1641 2033 1787 2073 vertice
1815 2032 2039 2073 constitutus
2057 2059 2068 2081 ,
2096 2029 2210 2072 unice
2237 2042 2276 2070 es
2303 2029 2363 2068 in-

403 2084 532 2126 finitus
549 2114 561 2134 ,
591 2086 738 2127 caeteris
753 2087 803 2128 ab
819 2091 891 2130 hac
919 2089 1144 2130 excellentia
1161 2102 1237 2143 pro
1261 2099 1406 2130 naturae
1432 2091 1657 2132 conditione
1673 2092 1712 2132 in
1740 2089 1940 2131 infinitum
1969 2088 2239 2131 deficientibus
2267 2118 2276 2127 .
2300 2090 2365 2130 Tu

402 2144 530 2185 bonus
544 2143 809 2186 sinetermino
834 2161 843 2187 ε
865 2147 1045 2188 bonitatis
1073 2159 1146 2188 tuae
1177 2148 1304 2188 radios
1335 2148 1593 2191 liberalissime
1606 2151 1925 2199 communicans,
1957 2149 2005 2189 ad
2029 2162 2149 2201 quein
2174 2145 2366 2189 amabilis-

401 2204 541 2244 simum
559 2203 705 2258 fingula
719 2204 785 2246 suo
801 2207 924 2249 modo
935 2217 1208 2256 concurrunt,
1231 2217 1273 2247 ut
1287 2207 1334 2247 ad
1366 2208 1547 2248 ultimum
1574 2209 1695 2249 finem
1723 2210 1904 2249 omnium
1934 2238 1943 2248 .
1968 2211 2031 2250 Tu
2057 2220 2095 2247 es
2116 2205 2365 2261 intelligibilis

404 2262 471 2304 sub
487 2262 758 2318 perfectissima
774 2264 1170 2320 rationeintelligibili
1192 2297 1202 2305 .
1232 2269 1295 2307 Tu
1320 2280 1358 2306 es
1382 2277 1450 2306 tuo
1475 2268 1686 2309 intellectui
1716 2268 1878 2322 praes'ens
1910 2298 1920 2308 .
1946 2270 2009 2308 Tu
2035 2265 2133 2307 solus
2156 2279 2195 2306 es
2225 2265 2365 2307 veritas

401 2322 530 2377 prima
557 2335 566 2360 :
593 2324 735 2376 quippe
750 2337 938 2377 apparens
954 2325 991 2364 id
1008 2325 1118 2376 quod
1134 2339 1214 2365 non
1230 2325 1307 2375 est,
1333 2325 1466 2367 falsum
1485 2326 1562 2375 est3
1589 2339 1689 2381 ergo
1715 2327 1767 2368 est
1782 2327 1885 2366 aliud
1913 2325 1983 2366 fibi
2003 2327 2099 2365 ratio
2127 2324 2365 2379 apparendi3

403 2382 494 2434 quia
510 2379 535 2420 si
553 2380 627 2421 sola
645 2383 723 2436 ejus
740 2394 876 2423 natura
890 2383 978 2423 ess'et
992 2385 1024 2423 ei
1042 2384 1141 2424 ratio
1157 2385 1368 2438 apparendi
1384 2413 1395 2434 ,
1425 2396 1631 2440 appareret
1647 2385 1717 2426 esse
1733 2385 1841 2438 quod
1856 2385 1908 2426 est
1932 2414 1942 2425 .
1969 2384 2059 2426 Tibi
2091 2384 2185 2425 nihil
2202 2383 2254 2424 est
2269 2383 2370 2422 ratio

402 2440 613 2494 apparendi
630 2456 640 2489 ς
668 2442 803 2482 omnia
817 2442 922 2482 enim
937 2443 974 2482 in
991 2452 1054 2483 tua
1081 2453 1269 2496 apparent
1297 2442 1450 2484 essentia
1466 2472 1478 2493 ,
1500 2444 1592 2485 Tibi
1610 2443 1788 2499 primitus
1815 2453 2051 2497 apparente,
2077 2456 2121 2484 ac
2135 2457 2205 2497 per
2220 2445 2296 2483 hoc
2311 2442 2369 2481 ni-

402 2500 457 2541 hil
471 2498 657 2552 posterius
673 2503 730 2541 Te
749 2500 800 2541 est
817 2500 906 2541 Tibi
926 2502 1026 2541 ratio
1043 2502 1253 2556 apparendi
1285 2532 1294 2541 .
1322 2504 1365 2542 In
1382 2504 1444 2542 illa
1461 2532 1471 2550 ,
1499 2503 1663 2556 inquam
1678 2532 1689 2552 ,
1717 2503 1872 2543 essentia
1891 2498 2017 2542 ‘omne
2046 2499 2286 2556 intelligibile
2299 2499 2368 2540 sub

402 2556 672 2613 perfeetisiima
688 2559 1129 2614 rationei1itelligibili5‚
1157 2561 1209 2602 est
1242 2562 1450 2602 intellectui
1478 2572 1547 2601 tuo
1579 2561 1742 2616 praes‘ens
1767 2592 1777 2602 .
1806 2564 1868 2602 Tu
1884 2574 1923 2600 es
1953 2561 2070 2614 igitur
2096 2558 2368 2614 intelligibilis,

402 2615 687 2672 praeclarissima
699 2619 867 2668 veritas,
896 2621 1093 2660 &veritas
1124 2618 1352 2669 infallibilis,
1378 2622 1417 2660 δε
1446 2622 1652 2661 veritatem
1678 2620 1859 2660 omnium
1886 2618 2183 2673 intelligibilium
2210 2617 2369 2660 certissi-

403 2676 470 2718 me
485 2676 828 2729 comprehendens
856 2709 865 2718 .
895 2679 1042 2719 Praeter
1058 2683 1137 2720 haec
1149 2679 1196 2719 de
1210 2682 1268 2720 Te
1285 2679 1306 2720 a
1324 2679 1565 2733 pbilosophis
1580 2679 1769 2733 probata,
1797 2677 1889 2733 saepe
1906 2678 2099 2719 Catholici
2126 2681 2184 2720 Te
2211 2676 2369 2720 laudant

402 2735 745 2788 omnipotentem,
768 2735 1003 2778 immensum
1031 2765 1044 2787 ,
1085 2737 1231 2790 ubique
1258 2737 1484 2792 praesentem
1505 2768 1516 2788 ,
1540 2752 1679 2780 verum
1709 2768 1720 2789 ‚
1765 2738 1904 2792 justum
1922 2767 1932 2786 ‚
1959 2739 1998 2778 &
2028 2736 2369 2785 misericorde&

404 2796 550 2836 cunetis
563 2795 750 2836 creaturis
765 2824 776 2844 ,
804 2796 1050 2850 &praecipue
1066 2796 1369 2851 intelligibilibus
1395 2799 1671 2851 providentem
1703 2828 1712 2838 .
1736 2800 1844 2853 Ergo
1875 2797 2049 2838 Domine
2075 2799 2180 2838 Deus
2208 2795 2339 2836 noster
2356 2824 2369 2845 ,

405 2856 470 2895 Tu
484 2866 522 2893 es
537 2866 635 2893 unus
651 2856 901 2906 naturaliter,
927 2857 988 2897 Tu
1004 2869 1042 2896 es
1056 2871 1152 2897 unus
1167 2857 1420 2896 numeraliter
1448 2887 1457 2896 .
1486 2855 1593 2898 Vere
1618 2857 1766 2907 dixisti,
1792 2866 1902 2898 extra
1914 2870 1970 2896 me
1986 2868 2058 2895 non
2076 2852 2125 2909 est
2137 2855 2244 2896 Deus
2269 2885 2279 2894 .
2305 2855 2369 2895 Tu

406 2925 446 2953 es
460 2915 564 2952 Deus
590 2926 704 2955 verus
729 2914 886 2964 unicus,
912 2916 1016 2955 Deus
1042 2929 1089 2955 ex
1117 2928 1200 2968 quo
1224 2916 1385 2964 omnia,
1411 2916 1449 2956 in
1474 2930 1556 2970 quo
1580 2919 1740 2966 omnia,
1767 2928 1838 2969 per
1869 2928 1989 2968 quem
2019 2915 2153 2954 omnia
2179 2944 2190 2954 .
2213 2911 2369 2954 Adiuva

407 2985 472 3012 me
486 2972 660 3013 Domine
678 3001 690 3022 ,
721 2974 1014 3026 inquirentem,
1037 2975 1085 3015 ad
1098 2985 1286 3028 quantam
1311 2975 1582 3029 cognitionem
1609 2973 1721 3028 possit
1746 2975 1969 3028 pertingere
1999 2974 2097 3013 ratio
2125 2972 2253 3013 nostra
2277 2984 2385 3025 per--

409 3033 576 3072 traC'mns
591 3045 658 3081 ea,
689 3046 775 3085 quae
791 3032 903 3075 nobis
919 3034 1096 3074 revelare
1123 3034 1300 3087 dignatus
1313 3046 1375 3083 es,
1406 3036 1446 3074 &
1470 3032 1677 3076 certissima
1722 3032 1800 3074 fide
1826 3043 2005 3074 tenemus
2027 3063 2037 3072 .
2070 3034 2128 3073 Te
2154 3031 2261 3071 enim
2286 3031 2368 3085 pri·

408 3103 545 3138 mum,
569 3090 872 3133 &novissimum
897 3091 968 3132 esse
995 3092 1226 3145 proedicasti3
1258 3092 1356 3133 doce
1368 3094 1486 3147 igitur
1515 3092 1671 3133 servum
1698 3102 1833 3140 tuum3
1864 3091 2068 3133 ostendere
2100 3090 2274 3139 ratione,
2309 3092 2369 3130 Te

408 3148 478 3188 effe
493 3149 676 3200 unicum,
709 3164 873 3200 verum,
899 3153 938 3192 δι
965 3161 1094 3194 totum
1124 3145 1214 3210 effi,
1246 3152 1499 3205 primumque
1522 3152 1703 3192 omnium
1734 3151 1927 3201 efficiens,
1959 3150 2130 3202 itemque
2145 3147 2265 3190 finem
2280 3148 2371 3189 ulti·

406 3221 545 3257 mum,
576 3210 615 3249 ἃ
633 3208 844 3264 praesertim
872 3223 1011 3252 eorum
1028 3239 1039 3259 ,
1070 3225 1245 3265 quorum
1273 3212 1505 3265 praecipuam
1532 3223 1667 3251 curam
1695 3211 1821 3265 geris»,
1845 3206 1900 3251 uti
1928 3209 1981 3251 est
2005 3209 2270 3251 intellectualis
2287 3237 2303 3259 ‚,
2329 3209 2369 3251 δε

408 3267 602 3308 rationalis
617 3281 795 3310 creatura
822 3299 830 3310 .
861 3272 925 3311 Tu
939 3283 978 3311 es
992 3269 1217 3312 benedictus
1230 3271 1272 3313 in
1288 3269 1411 3312 secula
1427 3269 1648 3312 seculorum
1663 3300 1672 3311 .
1686 3272 1818 3312 Amen
1833 3299 1843 3309 .

2160 3916 2322 3973 (με.
