2617 4142
449 255 592 286 eorum
608 238 814 295 phraenefis
830 239 915 280 sana
923 236 952 275 ri
970 233 1148 289 potuisset
1163 261 1174 281 ‚
1196 229 1408 275 auscultare
1427 241 1508 270 non
1525 229 1714 283 oportere
1731 256 1742 277 ,
1773 225 1876 268 facto
1891 223 2197 279 comprobantes
2213 222 2225 272 ,‘
2252 233 2296 263 ac
2311 219 2522 262 ostenden-

452 313 509 345 tes
521 332 532 351 ‚
556 303 595 342 in
610 301 709 345 adeo
737 296 972 344 execrandas
987 323 998 344 ,
1025 290 1285 345 absurdasque
1313 291 1471 335 haereses
1502 302 1708 343 nunquam
1735 286 1986 342 prolapsuros
2017 284 2123 326 fuisse
2138 314 2151 334 ,
2176 281 2245 324 nisi
2291 278 2517 323 scholasticae

454 360 685 413 Theologiae
700 366 948 411 contemptus
964 351 1199 409 praecesiiss'et
1215 382 1225 391 .
2216 340 2218 343 '

573 418 647 459 Sed
663 417 758 470 ‚quid
773 415 900 468 quaeso
914 412 1062 468 profuit
1076 411 1278 466 plusquam
1296 408 1485 462 improbo
1511 408 1648 448 labore
1663 407 1701 446 in
1732 404 1838 445 libris
1867 417 2014 458 magno
2030 415 2199 443 numero
2224 396 2514 442 conscribendis

455 479 631 519 animum
650 473 855 519 distraxisse
871 503 882 524 ,
912 472 1192 527 publicamque
1208 469 1382 522 quietem
1396 496 1408 517 ‚
1436 470 1474 508 &
1486 465 1663 511 Ecclesiae
1677 464 1996 517 tranquillitatem
2014 471 2074 502 tot
2088 461 2279 514 tantisque
2294 459 2513 501 molimini-

457 537 529 579 bus
544 535 689 579 vexasse
705 538 720 576 ἒ
752 535 865 574 Vires
878 545 1017 574 omnes
1031 560 1043 580 ,
1073 543 1155 571 non
1171 530 1258 568 dico
1271 528 1478 568 hominum
1492 527 1611 567 luteas
1626 523 1724 564 casas
1743 521 2041 562 inhabitantium
2053 549 2065 570 ‚
2094 520 2156 561 sed
2169 519 2426 574 supernarum
2441 531 2514 572 po-

459 596 638 639 testatum
651 602 840 650 poterunt
852 605 901 633 ne
919 592 1140 632 Veritatem
1157 589 1205 628 de
1221 585 1315 627 solio
1330 595 1482 626 aeternae
1499 583 1704 627 stabilitatis
1718 582 1789 623 suae
1799 610 1810 631 ‚
1837 595 1918 621 non
1936 579 2146 621 deturbare
2159 607 2171 628 ‚
2199 579 2263 619 sed
2292 578 2353 621 vel
2383 577 2513 617 tantil-

461 655 543 696 lum
558 656 793 695 dimovere?
822 653 858 692 Si
871 651 920 692 ab
937 648 1104 691 Ecclesia
1117 650 1301 690 Romana
1316 643 1487 686 deficere
1501 646 1651 685 animus
1664 652 1749 682 erat
1761 670 1772 690 ,
1799 639 2000 694 praestabat
2013 639 2126 679 tantis
2140 650 2300 692 parcere
2319 635 2418 677 curis
2434 664 2446 684 ‚
2468 637 2509 676 &

464 716 685 768 recogitare
703 714 868 753 cuinam
882 711 1044 750 demum
1061 705 1290 749 laborarent
1305 733 1316 753 ‚
1344 703 1567 744 fraudantes
1581 703 1728 742 animas
1746 713 1886 740 eorum
1902 698 2016 738 bonis
2036 728 2045 737 .
2064 697 2242 740 faciendi
2248 697 2382 756 plures
2396 694 2514 735 libros

462 774 591 815 nullus
605 771 745 829 cstfi'm's
760 800 770 821 ,
799 771 850 811 ait
862 770 1051 811 Salomon
1068 796 1079 816 ,
1102 766 1207 806 Eccl.
1222 765 1290 804 ult.
1310 761 1393 803 Ubi
1408 762 1570 803 eximius
1585 759 1760 802 Ecclesiae
1777 759 1931 799 nostor
1946 759 1982 797 S.
1999 758 2271 812 Hieronymus
2287 784 2297 805 ‚
2324 754 2481 809 exceptis
2497 755 2523 803 ‚‘

463 833 591 885 inquit
603 861 615 881 ‚
640 833 698 874 lais
714 831 839 872 verbis
853 858 864 879 ‚
893 843 975 884 quae
985 828 1033 868 ab
1047 839 1120 868 uno
1126 819 1374 882 pastorcfimt
1389 822 1478 862 data
1493 850 1505 871 ,
1527 819 1583 868 ὠν
1596 824 1620 862 ὰ
1631 817 1771 876 confilio
1784 827 1896 873 atque
1910 813 2082 873 confinfit
2087 815 2242 871 prolata
2243 812 2475 871 sapientium
2506 841 2517 862 ‚

463 892 568 932 nihil
566 890 693 947 facias
709 920 720 940 ,
745 886 1131 931 nihiltibivindice13
1156 878 1504 937 majorumsbquere
1532 879 1687 937 vcssggla
1712 908 1723 928 ,
1760 877 1808 917 ab
1827 890 1954 918 eorum
1970 872 2196 916 ascFZoritate
2222 887 2295 914 non
2323 869 2513 928 distrepes.

465 950 652 1007 Alioquin
668 949 854 1007 quaerenti
865 948 986 988 multa
998 943 1167 999 infinitus
1195 940 1384 981 librorum
1395 954 1574 982 numerus
1590 947 1761 980 occurret
1775 965 1785 985 ‚
1809 936 1876 992 qui
1890 945 1924 976 te
1933 933 2140 993 perlrahat
2164 933 2216 973 ad
2237 945 2404 974 errorem
2418 959 2428 979 ,
2459 928 2513 976 &a

463 1013 643 1067 legentem
656 1005 1065 1064 multasrustrafizciat
1075 1002 1252 1044 laborare
1267 1031 1275 1040 .
2208 1018 2211 1019 γ

584 1069 770 1110 Saeculum
790 1066 881 1105 illud
899 1077 1062 1103 aureum
1078 1075 1158 1114 quo
1174 1061 1369 1102 Doctores
1387 1058 1610 1100 Parisienses
1628 1058 1733 1099 Petri
1748 1055 1967 1098 Lombardi
1997 1051 2211 1095 Sententias
2242 1047 2514 1103 quaestionibus

465 1127 707 1172 subtilissimis
725 1127 1024 1175 interpretantes
1042 1152 1052 1171 ,
1083 1125 1119 1162 T
1123 1119 1345 1173 heologiam
1363 1148 1376 1169 ‚
1401 1119 1497 1160 olim
1514 1119 1659 1160 librum
1675 1118 1895 1159 involutum
1911 1144 1922 1165 ,
1946 1129 1990 1155 ac
2002 1113 2138 1167 Sigillis
2167 1109 2415 1164 obsignatum
2442 1121 2515 1148 ceu

464 1202 584 1231 curru
598 1185 822 1239 triumphali
836 1182 1056 1223 subuets'tam
1070 1209 1081 1231 ‚
1109 1179 1316 1236 expensam
1331 1211 1342 1231 ,
1369 1190 1486 1232 atque
1499 1179 1728 1234 explicatam
1744 1205 1755 1226 ‚
1785 1175 1989 1231 dubijsque
2007 1171 2217 1213 exsolutam
2233 1170 2270 1208 in
2284 1168 2427 1208 orbem
2441 1177 2519 1206 ter-

464 1261 599 1288 rarum
615 1246 850 1286 invexerunt
866 1270 877 1291 ,
909 1241 1139 1282 innumeros
1154 1240 1307 1283 codices
1324 1238 1419 1284 vidit
1432 1270 1443 1292 ‚
1472 1239 1604 1293 estque
1618 1238 1855 1279 admiratum
1868 1264 1880 1285 ,
1906 1242 2167 1276 veruntamen
2183 1226 2272 1268 fidei
2285 1228 2428 1268 unitate
2445 1255 2455 1275 ,
2470 1226 2512 1266 &

459 1307 649 1348 doctrinae
663 1303 890 1358 synceritate
907 1313 1045 1341 omnes
1058 1314 1179 1341 unum
1198 1302 1386 1343 volumen
1400 1311 1534 1342 erant.
1558 1301 1803 1352 Frequenter
1820 1294 1981 1350 quidem
1998 1304 2096 1332 unus
2122 1289 2162 1329 in
2189 1288 2357 1327 alterurn
2387 1284 2513 1326 insur-

466 1367 523 1421 git
537 1395 548 1415 ‚
579 1362 719 1406 laceffit
733 1392 743 1411 ‚
768 1360 1076 1413 contradit-itque
1093 1361 1131 1401 in
1144 1360 1201 1401 his
1216 1390 1227 1411 ,
1254 1375 1340 1414 quae
1358 1363 1396 1403 in
1410 1360 1617 1402 subfidium
1632 1358 1859 1412 Theologiae
1874 1350 2055 1395 accersita
2066 1348 2153 1391 sunt
2165 1375 2177 1396 ,
2199 1347 2313 1399 eique
2328 1344 2518 1385 subancil-

465 1428 596 1466 lantur
618 1437 626 1463 ε
657 1433 721 1463 aut
737 1421 852 1464 ctiam
870 1421 908 1460 in
927 1420 1035 1459 illatis
1051 1419 1097 1459 de
1111 1421 1392 1474 principiorum
1408 1420 1642 1462 naturalium
1658 1416 1876 1459 diversitate
1893 1406 2196 1469 procedentibus
2214 1435 2224 1448 .
2255 1407 2308 1445 At
2324 1404 2514 1457 quoniam

467 1486 655 1526 omnium
684 1483 852 1521 omnino
883 1480 1021 1520 eadem
1058 1473 1146 1530 sunt
1170 1480 1357 1534 dogmata
1395 1481 1507 1535 super
1549 1478 1686 1520 iisdem
1730 1477 1908 1518 revelatis
1940 1469 2114 1512 extructa
2128 1496 2140 1517 ,
2166 1468 2206 1507 &
2232 1463 2517 1505 constabilita-2

462 1543 683 1600 principiis,
712 1541 861 1594 magnis
879 1549 937 1578 tot
953 1538 1214 1580 voluminibus
1232 1541 1269 1580 in
1286 1541 1494 1593 parvulum
1509 1554 1633 1585 unum
1664 1538 1842 1580 codicem
1858 1528 2116 1575 desinentibus
2131 1555 2142 1575 ‚
2173 1523 2292 1564 finem
2324 1521 2515 1563 scribendi

463 1604 583 1646 libros
598 1602 745 1655 oppido
758 1602 994 1641 invenerunt
1007 1627 1017 1647 ‚
1044 1600 1082 1638 Sc
1097 1600 1165 1652 qui
1192 1600 1405 1652 plurimam
1436 1612 1702 1653 magnamque
1715 1596 1787 1638 esse
1820 1590 2082 1643 Theologiam
2113 1581 2323 1625 docuissent
2338 1611 2349 1631 ,
2382 1580 2512 1623 verbis

462 1677 549 1716 quae
564 1660 613 1702 ab
628 1674 708 1701 uno
723 1659 807 1701 sunt
823 1659 910 1698 data
928 1657 1076 1711 pastore
1091 1687 1102 1707 ,
1130 1661 1169 1699 ἃ.
1187 1658 1210 1700 ἐι
1224 1658 1386 1700 consilio
1396 1645 1516 1712 atque
1528 1657 1716 1700 consensu
1730 1655 1955 1711 sapientium
1971 1646 2127 1702 prolatis
2144 1673 2156 1694 ‚
2174 1643 2266 1684 nihil
2282 1642 2431 1695 penitus
2452 1640 2522 1679 ad-

221 1719 433 1759 Diony.Are-
461 1724 598 1763 dentes
612 1751 622 1770 ,
649 1721 742 1762 nihil
758 1717 822 1760 fibi
841 1717 924 1771 ipsis
942 1716 1189 1758 vendicantes
1207 1748 1218 1767 ,
1237 1718 1388 1760 rursum
1406 1719 1510 1772 juxta
1521 1718 1749 1760 sententiam
1764 1712 1939 1761 Apostoli
1966 1701 2248 1750 Bartholomaei
2278 1702 2520 1741 minimam)

222 1771 432 1847 {ff'stfapff-U'l]
460 1781 739 1831 concisamque
759 1807 770 1827 ‚
802 1791 845 1817 ac
859 1777 1151 1830 propemodum
1167 1778 1345 1819 manibus
1359 1778 1644 1819 attrectandam
1654 1774 1880 1817 hominibus
1891 1769 2153 1813 exhibuerunt
2167 1794 2177 1804 .

584 1838 738 1880 Verum
754 1850 801 1877 eo
819 1865 830 1886 ,
853 1836 956 1877 unde
972 1835 1125 1889 digressi
1141 1836 1268 1878 sumus
1285 1867 1296 1887 ,
1323 1847 1563 1879 revertentes
1577 1867 1587 1886 ,
1615 1835 1829 1878 Halensem
1845 1830 1994 1874 Parisiis
2009 1828 2220 1867 docentem
2248 1822 2329 1862 duo
2360 1818 2524 1873 praecla-

223 1923 358 1956 vvadin.
375 1927 434 1956 An.
466 1897 921 1943 riffimamundilumina
937 1895 1118 1943 audiere,
1144 1898 1318 1936 Thomas
1348 1897 1548 1950 Aquinas,
1580 1898 1620 1937 &
1645 1896 1925 1936 Bonaventura
1941 1891 1963 1930 ἐι
1993 1887 2140 1927 Balneo
2169 1882 2278 1935 regio
2308 1878 2486 1919 Etruscus
2504 1908 2513 1915 .

224 1967 288 2000 nal.
312 1976 391 1999 tom.
408 1979 434 1998 ¹·
465 1960 603 2004 Ambo
619 1958 852 1999 Sanfflorum
866 1953 964 1994 fastis
981 1952 1184 2007 adscripti3
1209 1955 1446 1997 ambointer
1460 1955 1637 1997 Ecclefiae
1651 1956 1846 1996 Doctores
1864 1947 2059 2002 cooptati.
2088 1942 2167 1984 Hic
2183 1939 2236 1981 sui
2265 1938 2426 1980 Ordinis
2455 1949 2518 1975 re-

223 2011 262 2042 ad
277 2022 326 2042 ³¹¹·
343 2021 432 2049 ¹²45·
464 2018 606 2076 gimini
622 2014 822 2071 praesectus
839 2043 849 2063 ‚
873 2012 963 2054 cum
978 2026 1026 2052 ex
1040 2012 1266 2055 scholasticis
1296 2014 1654 2057 concertationibus
1669 2014 1718 2054 ad
1744 2010 1916 2054 Ascetica
1933 2002 2134 2050 scribenda
2147 2032 2158 2051 ‚
2192 1999 2376 2051 sacraque
2405 1996 2515 2035 voln-

222 2053 433 2130 gtrgiiiisssniii]
464 2081 575 2122 mina
588 2074 830 2130 explananda
846 2072 881 2113 se
896 2071 1144 2113 COUVCrtissbt
1159 2102 1170 2122 ,
1202 2071 1567 2131 Dofflorst’raphicus
1579 2074 1631 2115 est
1642 2073 1850 2127 appellatus
1876 2101 1883 2109 .
1917 2069 1984 2108 Ille
2011 2063 2077 2104 etsi
2109 2073 2190 2102 non
2205 2058 2378 2104 omiserit
2393 2055 2519 2096 sacros

227 2145 403 2177 Alexander
427 2166 435 2174 .
465 2139 624 2182 codices
637 2135 832 2188 Angelico
844 2130 958 2186 plane
971 2131 1102 2184 spiritu
1115 2135 1352 2185 pertra<5tare
1365 2164 1375 2184 ,
1402 2134 1654 2188 Theologicis
1669 2143 1800 2172 tamen
1816 2121 2125 2171 dise1·ran'0nibus
2141 2118 2308 2163 insistens
2325 2146 2336 2166 ‚
2366 2117 2404 2155 in
2428 2112 2521 2153 stri*-

221 2188 263 2260 'SR
272 2185 434 2263 ὲῖἓῖξεῇ·
465 2197 599 2241 benda
614 2195 726 2236 tertia
740 2203 847 2248 parte
866 2193 1035 2232 Summae
1050 2192 1222 2233 animam
1240 2193 1364 2246 posuit
1375 2223 1386 2243 ,
1406 2195 1589 2246 coeloque
1606 2191 1772 2233 reddidit
1785 2221 1793 2231 .

248 2251 256 2259 ⁹
325 2266 328 2267 ’
427 2253 436 2261 ’
587 2256 673 2299 Hos
688 2252 878 2306 Magister
890 2252 1024 2292 scotus
1039 2252 1213 2304 excepit,
1236 2255 1275 2293 ὃ(
1293 2267 1377 2305 quae
1394 2254 1498 2306 prius
1511 2253 1658 2293 Oxonii
1676 2251 1850 2291 ediderat
1862 2246 2000 2299 scripta
2017 2240 2163 2284 Parisiis
2180 2246 2384 2292 reportans
2399 2263 2410 2283 ,
2424 2233 2522 2272 alter

468 2317 617 2372 Apollo
632 2312 684 2354 sui
699 2312 888 2365 ternporis
907 2308 1056 2350 habitus
1074 2311 1127 2350 est
1144 2339 1154 2359 ,
1180 2325 1227 2351 ex
1243 2311 1427 2352 omnibus
1444 2310 1526 2352 fere
1540 2312 1675 2351 mundi
1693 2308 1862 2364 partibus
1876 2308 1924 2347 ad
1938 2301 2170 2344 audiendam
2190 2296 2412 2350 sapientiam
2437 2291 2517 2344 ejus

466 2374 657 2430 discipulis
671 2369 886 2412 incredibili
906 2382 1074 2409 numero
1087 2369 1373 2411 confluentibus
1392 2401 1400 2411 .
1428 2371 1523 2410 Inde
1539 2370 1752 2411 Coloniam
1767 2366 1972 2409 Ubiorum
2000 2359 2226 2403 amandatus
2239 2384 2249 2404 ,
2277 2364 2319 2394 ut
2345 2352 2521 2394 Theolo-

466 2438 574 2492 giam
588 2435 749 2474 doceret
766 2460 775 2479 ‚
807 2441 998 2482 novaeque
1011 2428 1230 2469 Academiae
1245 2429 1498 2470 fundamenta
1513 2429 1655 2480 jaceret
1671 2459 1680 2478 ‚
1711 2431 1750 2469 &
1763 2428 1889 2480 paucis
1905 2423 1986 2479 post
2001 2417 2192 2462 mensibus
2208 2413 2229 2456 ὲ
2254 2414 2350 2456 vivis
2382 2412 2524 2452 imma-

466 2507 559 2536 tura
573 2502 701 2534 morte
716 2489 881 2532 sublatus
893 2518 903 2538 5
929 2487 1128 2537 recenstrss
1141 2503 1185 2530 ac
1201 2502 1271 2544 per
1287 2488 1480 2539 summam
1495 2490 1624 2545 legere
1639 2488 1860 2530 dotti-inam
1876 2484 1979 2526 suam
1996 2493 2077 2524 non
2091 2475 2217 2537 potuit
2229 2502 2240 2523 ›
2264 2470 2425 2512 forsitan
2457 2467 2514 2508 fa-

469 2556 602 2596 esurus
622 2581 631 2600 ,
660 2550 684 2591 si
701 2548 855 2590 licuisset
872 2578 881 2596 ‚
911 2560 1018 2588 erat.
1206 2549 1209 2552 '
1537 2552 1540 2553 ’

590 2615 641 2652 Ea
658 2610 705 2649 de
720 2609 826 2649 causta
844 2607 987 2649 fastum
1002 2609 1054 2650 est
1072 2618 1114 2649 ut
1128 2608 1181 2649 sui
1196 2610 1364 2649 nominis
1381 2609 1601 2651 celebritate
1615 2618 1700 2649 toto
1716 2606 1829 2650 Orbe
1848 2602 2039 2646 notissima
2057 2597 2236 2640 doeh-ina
2251 2622 2263 2642 ‚
2283 2590 2425 2646 quippe
2438 2602 2523 2641 quae

472 2673 576 2715 nulla
591 2669 831 2711 sit-illustrior
850 2697 860 2716 ,
894 2667 1125 2713 Accademia
1152 2698 1161 2717 ‚
1208 2670 1247 2709 in
1275 2683 1352 2721 qua
1370 2670 1593 2715 magistrale
1639 2668 1858 2721 suggestum
1887 2678 1968 2704 non
2000 2656 2216 2700 obtinuerit
2229 2682 2240 2704 ‚
2266 2651 2396 2694 minus
2421 2649 2521 2690 utilis

470 2732 660 2776 habeatur-
688 2758 699 2778 ‚
745 2728 835 2780 qnia
867 2727 993 2767 minus
1033 2728 1166 2780 pervia
1197 2758 1205 2768 .
1230 2731 1339 2769 Nam
1371 2716 1476 2769 tanta
1507 2728 1649 2781 ingenii
1678 2715 1892 2768 acrimonia
1936 2725 1975 2763 ὃ(
2005 2714 2249 2762 sublimitate?
2262 2741 2274 2761 ,
2316 2723 2365 2752 eo
2409 2706 2518 2748 diss'e-

472 2791 585 2833 rendi
602 2788 779 2829 acumine
794 2789 832 2826 ἃ
851 2787 1047 2831 rationum
1063 2788 1240 2840 pondere
1258 2787 1382 2828 fertur
1395 2775 1584 2843 Magister
1600 2791 1733 2829 Scotus
1750 2788 1786 2826 in
1806 2777 2127 2825 dissertationibus
2153 2776 2221 2817 suis
2236 2770 2328 2814 cum
2355 2769 2525 2808 aliena-.-

473 2850 670 2904 exagitans
688 2857 803 2900 atque
819 2846 1043 2887 convellens
1062 2875 1072 2895 ‚
1102 2845 1185 2886 tum
1200 2845 1262 2886 sita
1273 2861 1317 2887 ac
1331 2846 1489 2889 suorum
1503 2847 1686 2888 exactiori
1700 2846 1898 2887 firbiiciens
1912 2839 2103 2886 examini,
2129 2845 2171 2877 ut
2181 2832 2249 2876 nisi
2273 2827 2386 2870 omni
2414 2827 2524 2867 adhi-

473 2910 559 2951 bito
573 2917 739 2952 conam,
770 2906 884 2946 veluti
900 2904 1065 2945 nubibus
1081 2905 1156 2946 sest
1173 2905 1669 2949 inferentemintentissima
1688 2902 1932 2960 prosequaris
1950 2901 2028 2941 acie
2044 2928 2055 2949 ,
2085 2909 2180 2937 mox
2205 2907 2254 2934 ex
2278 2887 2398 2930 oculis
2424 2899 2522 2927 con-

473 2968 665 3010 tuentium
683 2965 914 3006 subducatur
927 2995 936 3005 .

594 3027 740 3068 Ad'naec
758 3025 855 3064 adeo
869 3024 1085 3064 admirabili
1101 3024 1377 3079 profundaque
1393 3027 1614 3068 eruditione
1631 3028 1802 3066 humana
1828 3033 1944 3075 atque
1970 3017 2105 3058 divina
2128 3013 2267 3068 scripta
2295 3007 2356 3049 sua
2373 3003 2524 3046 refersit

475 3090 614 3130 Scotus
630 3115 640 3135 ‚
665 3095 706 3125 ut
720 3083 926 3124 necessario
942 3085 1152 3137 impervius
1171 3084 1213 3125 fit
1228 3084 1297 3125 illis
1316 3115 1326 3133 ‚
1353 3087 1418 3138 qui
1433 3090 1576 3126 horum
1589 3084 1753 3125 subsidio
1765 3081 1929 3123 destituti
1944 3108 1955 3129 ,
1969 3073 2218 3118 nihilominus
2236 3080 2394 3111 tenuem
2410 3079 2523 3121 cym-

476 3146 569 3186 bam
583 3143 803 3199 procelloso
818 3145 1108 3184 committentes
1125 3144 1224 3183 mari
1243 3175 1254 3196 ‚
1282 3145 1408 3184 littora
1429 3144 1462 3186 se
1481 3155 1615 3186 tenere
1632 3143 1732 3196 polle
1761 3150 1918 3196 putant,
1941 3134 2189 3180 Aristotelem
2219 3139 2382 3170 omnem
2398 3153 2408 3172 ,
2431 3123 2526 3164 Avi-

477 3204 943 3253 cennani‚Avez·roe1n,&
956 3212 1156 3255 quotquot
1167 3203 1498 3257 Philosophorum
1512 3218 1556 3244 ea
1570 3214 1752 3255 tempora
1767 3194 2193 3255 prodiderampoctm-
2208 3189 2361 3232 Subtilis
2376 3184 2525 3236 eliqua-

477 3273 648 3312 verat‚ac
662 3263 699 3302 in
714 3261 748 3302 se
763 3261 1037 3306 transfuderat.
1055 3263 1267 3303 Sententias
1281 3277 1419 3303 omnes
1433 3263 1626 3316 Magistri,
1641 3264 1679 3302 &
1696 3261 1898 3315 opiniones
1913 3256 2217 3307 Theologorum
2232 3248 2298 3301 qui
2313 3246 2347 3287 se
2364 3240 2522 3297 praeces-

477 3322 607 3363 serant
621 3332 683 3370 ,ut
698 3320 886 3369 italensis,
901 3319 1066 3369 Alberti‚
1080 3323 1259 3370 Thomae‚
1273 3323 1424 3376 AEgidij
1442 3353 1452 3373 ,
1476 3324 1785 3368 Bonaventurae‚
1808 3316 1996 3359 Richardi
2009 3344 2020 3365 ‚
2047 3311 2240 3353 Varronis
2254 3337 2266 3358 ‚
2286 3303 2526 3347 Gandaven-

478 3382 523 3424 fis
540 3410 550 3430 ,
574 3379 756 3421 Goffredi
772 3410 781 3428 ,
807 3379 1056 3430 aliorumque
1071 3380 1335 3433 plurimorum
1351 3411 1361 3430 ,
1387 3382 1435 3421 ad
1456 3382 1686 3422 miraculum
1699 3376 1861 3420 callebat
1875 3406 1885 3426 ‚
1912 3390 1956 3418 ac
1967 3370 2118 3430 penitus
2131 3367 2372 3424 pervaserat,
2395 3359 2524 3413 sicque

482 3439 893 3483 Commentationibus
906 3438 976 3480 suis
989 3439 1152 3479 intexuit
1163 3439 1225 3480 seu
1240 3438 1470 3485 refellendas
1485 3470 1496 3490 ‚
1522 3440 1582 3481 sen
1595 3437 1888 3493 approbandas,
1913 3445 1978 3476 aut
2002 3434 2117 3474 etiam
2150 3423 2379 3469 luculentius
2403 3432 2526 3482 exposs

480 3499 627 3541 nendas
644 3528 654 3548 ‚
679 3509 721 3539 ut
737 3500 973 3551 qut'illorum
991 3498 1145 3550 aliquali
1160 3498 1291 3539 saltem
1308 3500 1443 3540 notitia
1456 3514 1534 3540 non
1549 3498 1666 3540 fuerit
1680 3496 1849 3538 imbutus
1864 3525 1875 3545 ‚
1901 3495 2051 3536 nullum
2069 3486 2168 3545 pene
2183 3485 2353 3526 frustum
2377 3478 2398 3521 ἐ
2414 3480 2529 3540 ,δίΟἴῑ

481 3559 648 3600 lectione
663 3558 846 3610 decerpet
864 3589 872 3596 .
896 3558 1199 3598 Elementorum
1217 3559 1310 3599 item
1328 3559 1495 3600 Euclidis
1513 3589 1525 3609 ‚
1551 3558 1710 3613 Optices
1723 3586 1734 3606 ‚
1758 3554 2020 3597 Astronomiae
2032 3580 2043 3602 ‚
2064 3549 2165 3602 Juris
2181 3539 2376 3592 Pontifici)
2405 3539 2528 3579 icien-

481 3616 664 3657 tissimum
682 3615 823 3656 affatim
841 3616 1050 3657 ostendunt
1063 3627 1320 3657 monumenta
1335 3632 1420 3669 quae
1433 3628 1587 3665 extant,
1621 3620 1665 3659 In
1683 3626 1862 3657 veterum
1877 3615 2038 3654 Patrum
2051 3607 2217 3650 lectione
2229 3634 2241 3654 ,
2267 3605 2305 3644 &
2316 3595 2530 3660 praesertitn

483 3676 616 3730 magni
632 3675 832 3730 Augustini
844 3675 961 3727 usque
977 3675 1076 3715 adeo
1091 3676 1257 3716 versatus
1273 3687 1378 3726 erat,
1409 3688 1450 3718 ut
1467 3681 1528 3718 vix
1545 3679 1795 3730 quaestionem
1810 3675 1927 3714 ullam
1940 3670 1990 3712 ab
2003 3684 2052 3711 eo
2066 3664 2260 3708 discussam
2275 3658 2446 3702 invenies
2461 3683 2472 3704 ‚
2488 3667 2529 3694 m

483 3748 560 3786 qua
581 3735 628 3774 de
646 3735 849 3789 Augustini
864 3734 1050 3774 sententia
1064 3733 1100 3774 se
1118 3736 1225 3787 loqui
1245 3749 1322 3775 non
1357 3735 1608 3790 profiteatur.
1636 3736 1817 3783 Denique
1844 3724 2201 3786 metaphysicalibus
2224 3753 2233 3773 ‚
2253 3720 2420 3773 artisque
2445 3726 2530 3754 me-

483 3793 650 3833 tnodicae
669 3795 808 3847 regulis
824 3822 834 3841 ‚
860 3807 903 3833 ac
917 3793 1030 3832 etiam
1052 3792 1134 3846 ipsis
1151 3794 1312 3835 vocibus
1329 3797 1460 3847 quoad
1477 3797 1640 3836 modum
1657 3793 1895 3844 significandi
1910 3803 2045 3830 earum
2058 3788 2107 3827 ita
2137 3784 2366 3835 frequenter
2398 3774 2530 3819 utitur,

485 3852 721 3905 adhibetque
740 3853 786 3893 ad
805 3851 892 3893 fidei
909 3852 1143 3894 declaranda
1158 3854 1338 3908 mysteria
1354 3883 1365 3903 ,
1395 3865 1437 3896 ut
1454 3855 1546 3896 nihil
1557 3854 1668 3909 supra
1685 3841 1861 3894 humano
1873 3849 2033 3905 ingenio
2048 3847 2164 3888 licere
2181 3842 2357 3887 videatur
2388 3867 2396 3877 ·
2420 3831 2534 3935 {inid

2449 3908 2479 3932 1-
