2616 4109
41 216 142 254 Nihil
158 215 383 253 intrinsecum
398 219 546 264 personae
572 216 700 252 divinae
712 213 853 264 proprie
878 214 1080 252 continetur
1108 218 1140 252 in
1160 216 1230 252 ali-⁴·

91 280 162 315 quo
177 271 371 303 eminenter
383 293 393 308 ,
423 271 505 313 quia
520 275 603 301 tunc
619 266 712 304 foret
744 277 807 302 ens
821 277 883 314 per
911 269 1222 314 participationem

91 316 173 363 ejus
191 344 202 360 ‚
233 321 264 353 in
279 327 352 361 quo
369 313 414 349 fic
427 319 688 351 contineretur.
1057 327 1100 363 43
1110 328 1139 362 3·
1191 326 1229 351 2.

44 365 192 402 Persona
206 365 400 402 formaliter
414 370 583 411 importat
596 363 786 411 pofitivum
797 389 808 407 ‚
824 363 869 400 ad
885 364 982 412 quod
1005 365 1157 413 sequitur
1170 368 1222 400 in-

94 414 435 451 communicabilius
451 424 488 450 ut
502 426 575 461 quo
589 441 599 457 ‚
618 413 651 449 δι
665 424 702 450 ut
718 413 815 460 quod
829 439 838 449 .
1058 416 1137 463 362.
1195 427 1224 452 r.

21 481 23 486 ¹
44 466 273 503 Personarum
298 464 638 509 pluralitassomnino
655 468 686 500 in
697 465 826 500 divinis
844 462 1163 511 agnoscenda.363.
1184 476 1216 500 2.

41 516 101 553 Ex
118 512 304 564 hypothefi
319 514 414 559 quod
429 516 534 550 tertia
552 514 697 561 persona
715 525 780 548 non
798 514 1009 558 procederet
1021 513 1040 550 i
1060 513 1222 556 secunda,

93 564 212 601 adhuc
245 564 504 610 supersuturam
530 563 722 601 distinam
732 563 778 600 ab
794 562 851 598 illa
865 563 1049 600 secundum
1061 561 1125 599 effe
1140 575 1219 611 per-

93 615 209 651 sonale
225 612 331 660 ipsius
347 639 356 649 .
1053 623 1136 660 415·
1194 624 1221 650 r.

45 664 286 701 Pei-festiones
298 667 452 699 omnium
470 675 588 699 rerum
603 662 668 700 effe
683 666 714 700 in
730 661 863 704 De03&
874 663 1027 710 qualiter
1041 689 1050 698 .
1078 664 1137 697 61.
1190 675 1222 699 2.

41 714 296 751 Perfeetionem
314 725 372 748 om
382 725 461 748 nem
477 712 678 760 simpliciter
691 714 756 749 effe
773 739 784 756 ‚
801 711 834 747 &
845 715 991 761 reperiri
1002 716 1037 750 in
1053 712 1139 749 Deo
1151 711 1222 748 for·

95 764 234 801 ma'liter
248 789 257 798 .
275 763 332 797 61.
351 774 381 797 2.
412 763 466 798 Ac
480 766 585 799 etiam
600 763 755 799 identice
769 789 777 798 .
1077 764 1135 799 62.
1189 773 1223 798 2.

41 813 279 850 Perfesttones
307 812 487 847 diminutae
500 839 510 855 ,
535 825 611 860 quae
635 813 801 849 dicuntur
831 810 1063 858 perfeetiones
1092 813 1224 859 secun-

92 867 190 905 dum.
206 862 294 913 qaid
310 874 375 898 non
390 861 526 910 possunt
543 864 577 899 in
594 862 679 899 Deo
691 864 836 912 reperiri
856 861 1063 905 formaliter,
1081 862 1113 897 ἃ
1127 861 1222 898 iden·

93 918 165 951 tice
180 942 189 951 .
1081 914 1139 948 62.
1198 922 1226 948 ι.

41 965 291 1004 Permanentia
303 962 854 1014 quequemensuranturjevomon
870 964 951 998 aute
969 964 1102 1008 tepore.
1114 973 1187 1008 ¹04·
1199 973 1226 999 ι.

42 1015 241 1062 Philolbphi
258 1016 388 1063 quibus
405 1018 437 1050 in
450 1013 562 1049 caufis
580 1027 646 1051 non
667 1015 854 1061 posuerunt
869 1011 1074 1048 infinitatem
1088 1038 1098 1048 .
1115 1023 1173 1058 44.
1198 1023 1227 1052 1.

47 1064 248 1111 Ρῇἱὶοΐορὴί
276 1064 500 1107 eruditione,
522 1064 556 1100 δε
590 1066 754 1101 acumine
795 1062 1016 1109 praestantes,
1046 1073 1227 1110 nunquam

97 1115 287 1153 Trinitatis
302 1115 505 1164 mysterium
519 1116 717 1151 revelatum
732 1125 793 1160 per
803 1113 987 1160 scripturas
1015 1110 1156 1149 divinas
1174 1123 1228 1150 at-

51 1194 53 1198 .
97 1169 237 1212 tingere
255 1174 450 1214 potuerunt
465 1192 476 1209 ,
503 1177 582 1200 curn
610 1165 866 1212 superemineat
888 1162 1055 1199 omnibus
1081 1171 1206 1198 creata:
1218 1191 1230 1208 ,

93 1225 138 1252 ec
150 1217 319 1252 naturalis
332 1217 571 1260 intell³gentlae
585 1214 722 1252 viribus
733 1240 743 1250 .
1065 1213 1144 1261 383.
1203 1223 1231 1249 ι.

38 1267 234 1304 Pluralita:
250 1266 378 1313 semper
391 1266 570 1301 reducitur
588 1264 633 1300 ad
649 1268 817 1300 unitatem
832 1290 841 1299 .
1067 1264 1147 1312 388.
1200 1274 1233 1302 2.

44 1315 224 1353 Posterius
235 1317 444 1363 quodlibet,
458 1313 476 1350 ὲ
491 1318 599 1362 priori
616 1314 797 1362 aequaliter
811 1312 1030 1360 dependeat.
1084 1326 1143 1361 43.
1200 1323 1230 1350 Ι.

44 1365 259 1403 Poffibilitae
271 1367 387 1412 logica
404 1363 451 1401 est
469 1375 537 1399 non
551 1367 785 1410 repugnantia
803 1368 1042 1400 terminorum.
1063 1366 1145 1412 306.
1202 1375 1233 1400 1.

46 1415 255 1453 Poffibiiitas
266 1414 449 1462 objestiva
463 1425 530 1449 non
544 1413 591 1449 est
606 1417 637 1447 in
654 1413 806 1449 Divinis
818 1410 976 1448 Personis
986 1438 996 1449 .
1061 1425 1144 1460 477.
1198 1427 1232 1451 2.

23 1475 25 1480 ’
46 1465 209 1503 Poffibile
220 1464 351 1512 duplex
365 1492 376 1508 ,
400 1464 556 1511 logicum
571 1489 582 1505 ‚
606 1463 638 1498 8t
651 1462 764 1498 reale.
1068 1464 1148 1512 326.
1200 1477 1235 1501 2.

24 1516 217 1553 *Potentia*
242 1513 379 1563 paffivae
404 1513 558 1549 naturali
597 1515 795 1557 cuicunque
832 1511 1103 1561 correspondere
1149 1526 1234 1562 pro-

100 1569 217 1613 prium
232 1566 392 1602 naturale
406 1563 567 1601 calvum
581 1588 591 1604 ‚
614 1562 734 1597 falsum
749 1559 797 1597 est
809 1587 819 1596 .
1119 1573 1150 1609 ς.
1202 1577 1235 1602 2,

24 1620 25 1630 ’
47 1616 219 1654 Potentia
253 1619 460 1662 receptiva,
483 1614 539 1650 vel
576 1611 624 1649 est
661 1611 859 1653 naturalis,
883 1611 941 1647 vel
975 1612 1153 1656 violenta,
1180 1616 1239 1652 vel

100 1677 224 1702 neutra
242 1691 252 1701 .
1120 1674 1152 1710 7.
1208 1678 1237 1702 2.

47 1716 222 1753 Potentiae
251 1712 380 1751 estiva
407 1714 714 1750 correlativumin
729 1710 813 1748 Deo
841 1709 1057 1760 estpoffibile
1074 1712 1237 1759 objeai-

101 1777 187 1812 vum
203 1791 213 1801 .
1068 1775 1150 1812 34²·
1206 1776 1234 1801 ι.

49 1818 216 1854 Potentia
234 1816 308 1852 Dei
322 1813 372 1849 est
390 1811 557 1850 intenfive
573 1812 705 1851 infinita
718 1839 727 1848 .
1069 1814 1149 1862 306.
1205 1826 1238 1853 2.

49 1868 224 1906 Potentiae
243 1863 461 1914 produc‘tivae
474 1867 619 1900 omnino
634 1862 799 1900 accidunt
816 1865 975 1902 rationes
990 1864 1098 1901 aestivi
1114 1889 1127 1906 .
1142 1863 1174 1898 St
1186 1863 1237 1900 fa-

105 1917 192 1953 &ivi
211 1942 221 1951 .
1075 1925 1152 1963 325.
1207 1925 1239 1950 2.

52 1969 226 2006 Potennae
241 1964 357 2002 eidem
372 1963 575 2013 impossibile
592 1963 640 2000 est
658 1962 759 1999 inesse
770 1963 954 2011 oppofitos
982 1965 1106 2000 modos
1135 1976 1240 2011 agen-

103 2017 168 2059 di,
191 2015 382 2064 cujusmodi
396 2015 470 2049 sunt
485 2013 535 2050 isti
559 2014 802 2057 naturaliter,
821 2013 860 2054 δ’
889 2015 1003 2050 libere
1033 2019 1149 2062 primo
1177 2027 1242 2062 po-

26 2102 28 2108 ,
103 2072 253 2103 tentiam
270 2065 424 2102 asuvam
437 2063 692 2110 distinguentes
707 2088 716 2098 .
1073 2065 1156 2112 469.
1214 2074 1242 2101 1.

51 2118 225 2156 Potentia
239 2116 368 2153 infinita
387 2115 460 2151 Dei
480 2112 723 2150 manifestatur
736 2111 949 2162 potissimum
967 2125 1015 2151 ex
1047 2115 1242 2150 misericor-

110 2168 180 2203 dia.
1074 2177 1155 2213 309.
1214 2175 1242 2200 1.

55 2218 220 2255 Potentia
248 2222 370 2265 primae
399 2214 591 2250 substantiae
619 2215 852 2257 attribuitur,
881 2227 947 2251 non
972 2227 1049 2262 quae
1076 2215 1119 2250 iit
1147 2217 1244 2261 prin-

28 2263 29 2281 *
107 2271 238 2315 cipium
255 2268 481 2315 operationis
495 2291 506 2308 ,
532 2263 586 2299 sed
602 2274 678 2311 quae
696 2264 897 2302 immediate
926 2269 1083 2313 attingat
1100 2292 1110 2308 ‚
1136 2274 1244 2312 atque

109 2318 173 2353 det
190 2317 253 2353 effe
271 2316 407 2353 effectui
423 2341 433 2350 .
656 2314 659 2325 ³
1080 2316 1160 2363 306.
1214 2325 1245 2351 t.

59 2367 225 2406 Potentia
237 2367 356 2404 aestiva
374 2365 554 2401 causativa
573 2363 713 2411 respicit
727 2364 854 2402 allude
868 2364 898 2400 se
912 2367 945 2400 in
962 2362 1102 2401 essentia
1126 2364 1246 2402 diver-

112 2418 184 2453 sum
199 2443 211 2460 ,
234 2418 291 2453 vel
307 2414 514 2452 immediate
527 2442 538 2458 ,
570 2415 626 2449 vel
642 2413 794 2451 mediate
807 2442 816 2451 .
1084 2415 1163 2463 308.
1221 2429 1245 2451 ι.

57 2466 226 2504 Potentia
258 2464 451 2514 generandi
477 2466 514 2500 in
539 2464 643 2500 Patre
667 2476 736 2501 non
758 2464 808 2501 est
837 2465 988 2508 relatio,
1012 2465 1066 2501 sed
1103 2463 1246 2513 aliquod

114 2517 309 2555 absolutum
327 2543 336 2552 .
1079 2517 1163 2562 478.
1220 2524 1247 2551 ι.

62 2568 230 2604 Potentiae
261 2571 380 2616 primae
401 2563 527 2601 aftivae
549 2576 618 2601 non
644 2565 889 2614 correspondet
915 2567 1036 2613 aliqua
1081 2567 1247 2612 potentia

116 2617 258 2669 passiva
286 2615 450 2666 proprie,
479 2624 518 2651 ut
546 2619 579 2650 in
593 2626 698 2663 quam
716 2642 727 2659 ‚
753 2617 811 2653 vel
828 2616 872 2653 de
885 2627 955 2663 qua
973 2615 1105 2664 aliquid
1119 2614 1251 2661 produ·

25 2711 28 2713 Α
114 2677 242 2705 catur.
1081 2675 1164 2710 47².
1220 2677 1251 2701 2.

62 2716 227 2757 Potentia
238 2714 450 2765 produt-‘tiva
467 2742 477 2758 ‚
502 2727 568 2751 non
587 2714 732 2751 anuum
748 2717 979 2753 notionalium
996 2743 1007 2759 ,
1033 2714 1087 2751 sed
1115 2725 1252 2757 eorum,

113 2780 196 2816 quae
215 2771 257 2804 iis
272 2767 413 2804 attubus
429 2765 695 2813 producuntur,
721 2766 939 2803 admittenda
965 2767 1060 2802 estin
1077 2763 1224 2802 Divinis
1241 2791 1253 2807 ‚

116 2820 265 2866 suntque
286 2816 438 2864 personx
466 2824 665 2859 exeuntes,
690 2814 798 2852 altera
824 2828 891 2864 per
914 2816 1058 2852 modum
1097 2825 1253 2857 natum,

116 2869 229 2906 altera
243 2879 305 2916 per
323 2865 466 2902 modum
487 2865 684 2903 voluntatis
697 2890 707 2900 .
1081 2865 1165 2912 476.
1223 2876 1250 2900 1.

65 2915 267 2956 Praeticum
280 2944 292 2961 ,
306 2917 341 2952 3<
353 2916 607 2964 speculativum
626 2915 806 2964 quomodo
823 2914 960 2954 differat
975 2940 986 2953 .
1086 2916 1167 2952 208.
1226 2925 1253 2951 τ.

70 2965 169 3007 Posse
183 2967 395 3006 existentem
411 2969 442 3001 in
460 2966 619 3012 peccatis
634 2966 691 3001 illa
707 2964 869 3002 detestari
885 2978 931 3003 ex
943 2965 1165 3005 naturalibus
1178 2974 1253 3012 ,ty-

124 3019 274 3056 ronibus
285 3016 486 3064 explicatur
500 3041 509 3050 .
1088 3025 1167 3062 ²95·
1221 3025 1254 3051 2.

69 3065 243 3114 1'otentiae
256 3080 380 3104 nomen
398 3070 618 3114 aequivocum
635 3065 844 3102 enucleatur
857 3093 866 3101 .
1083 3067 1166 3111 476.
1225 3077 1253 3100 ι.

73 3114 172 3156 Poffe
187 3118 252 3155 effe
267 3119 407 3154 Patrem
423 3143 434 3159 ,
463 3115 677 3152 antecedere
687 3126 830 3152 omnem
846 3120 1049 3164 potentiam
1067 3114 1254 3162 producti-

127 3180 210 3206 vam
227 3194 238 3205 .
1096 3177 1178 3212 477.
1232 3177 1257 3206 1,

71 3215 202 3256 Praxis
215 3219 310 3255 nulla
325 3217 373 3254 el}
386 3220 419 3253 in
433 3216 537 3261 Deo,
560 3225 599 3253 ut
612 3214 660 3251 est
672 3227 824 3263 operans
838 3215 884 3252 ad
913 3226 1018 3254 extra
1032 3243 1043 3259 .
1072 3215 1130 3252 nisi
1165 3215 1256 3250 voli-

123 3272 177 3305 tio
195 3294 205 3303 .
1096 3277 1106 3300 1
1140 3265 1169 3299 8.
1224 3275 1257 3299 2.

71 3316 232 3356 Pratuca
246 3322 373 3355 notitia
392 3318 486 3354 nulla
504 3314 658 3361 respeftu
676 3316 870 3353 intelieetus
885 3317 992 3350 creati
1011 3341 1021 3358 ‚
1050 3279 1161 3363 potgst
1189 3314 1256 3349 esse

122 3368 281 3419 praetica
310 3368 467 3417 respectu
497 3367 675 3403 volitionis
702 3365 852 3409 divina,
880 3365 934 3400 sed
959 3367 1028 3400 erit
1064 3363 1256 3400 necessario

75 3420 97 3456 Γ
130 3419 367 3470 speculativa.
1094 3416 1169 3461 198.
1222 3425 1258 3449 2.

77 3471 138 3510 Ad
154 3470 310 3506 ordinem
330 3469 584 3517 exequutionis
607 3464 703 3513 quod
730 3469 861 3503 attinet
875 3493 886 3508 ‚
914 3462 1256 3511 praedestinationem

117 3523 240 3571 juvari
255 3519 346 3559 posse
358 3518 522 3567 precibus
551 3514 785 3560 Sanctorum,
808 3516 928 3552 saltem
953 3514 1075 3561 quoad
1102 3513 1256 3561 aliquem

126 3570 206 3617 ejus
222 3567 385 3606 effefflum
401 3595 413 3611 ‚
439 3566 657 3605 ostenditur.
1095 3575 1172 3610 302.
1230 3574 1256 3598 1.

36 3619 37 3636 ³
79 3615 345 3658 praedestinatio
370 3619 417 3654 est
443 3615 628 3654 certissima
647 3643 657 3658 ‚
683 3622 789 3660 atque
815 3622 966 3651 eventus
990 3613 1200 3654 infallibil[s‚
1222 3611 1257 3648 8<

129 3671 262 3706 nullam
288 3671 419 3717 imponi
442 3669 687 3704 necessitatem
714 3667 748 3700 in
776 3663 947 3706 obiectis.
972 3662 1014 3701 ad
1039 3673 1115 3712 quae
1134 3665 1252 3697 termi-

130 3731 259 3756 natur.
964 3715 1046 3761 296.
1096 3721 1149 3753 1.,
1172 3709 1205 3744 8<
1233 3723 1262 3744 2.

81 3769 398 3806 Praedestinationis
425 3779 592 3804 arcanum
619 3767 668 3803 est
682 3763 925 3803 absconditum
943 3767 1039 3799 omni
1069 3771 1264 3800 creatum,

135 3831 197 3855 nec
211 3820 284 3856 sciri
302 3820 411 3867 potest
428 3822 513 3854 citra
532 3819 708 3865 specialem
727 3818 798 3854 Dei
817 3815 1175 3860 revelationem.297.
1239 3820 1267 3844 1.

1297 213 1424 250 Praxis
1439 214 1527 261 quid
1545 216 1612 255 ῆι.
2338 224 2389 259 ¹9·
2433 144 2481 245 27

1297 263 1495 313 Qiomodo
1508 271 1634 303 notitia
1652 263 1806 311 praHica
1825 263 1867 299 ad
1890 267 2026 310 praxim
2057 265 2193 299 dicatur
2221 263 2470 308 extendi-192.

1294 312 1491 349 Prasticum
1515 342 1526 358 ,
1551 317 1584 352 δι
1615 315 1868 363 speculativum
1901 315 1977 350 sunt
2005 315 2206 352 differentia:
2235 311 2471 348 accidentales

1341 363 1507 399 scientiae.
2325 372 2382 398 20.
2439 370 2469 393 1-

1290 411 1444 449 Prattica
1482 417 1606 451 notitia
1636 414 1683 450 est
1702 413 1782 449 talis
1811 424 1878 447 non
1906 410 1925 447 a
1964 411 2030 448 fine
2057 413 2110 449 sted
2147 412 2192 447 ab
2217 409 2373 456 objeeto.
2416 422 2471 445 20.

1347 474 1375 497 1.
1390 461 1423 496 &
1443 473 1541 499 21.1.
1556 464 1612 507 ,8ε
1630 464 1716 511 seqq.

1292 511 1447 546 Habitus
1482 523 1551 548 non
1571 513 1703 548 dicitur
1717 510 1894 557 prncstieus
1916 518 2062 559 propter
2086 510 2326 547 extensionem
2346 506 2472 543 aaua-

1341 561 1409 596 lem
1426 559 1471 595 ad
1485 566 1626 608 praxim
1641 587 1652 604 ‚
1676 561 1728 597 sed
1743 571 1890 607 propter
1905 560 2174 605 aptitudinalem
2192 586 2201 594 .
2329 569 2384 604 .²0·
2443 566 2471 591 r.

1289 609 1475 646 Intelle-ftfi
1488 610 1685 647 extensione
1700 609 2127 656 fie:-ipra5tzcfi‚quom0d0
2141 607 2470 654 intelligendfl.2o.1.

1290 661 1438 696 Notitia
1462 661 1637 707 praefica,
1658 664 1823 709 quamvis
1838 659 2010 695 interdum
2035 660 2168 693 habeat
2186 658 2470 693 conformitatem

1340 708 1385 744 ad
1399 714 1536 755 praxim
1552 711 1569 748 εὶ
1586 709 1654 746 fine
1668 737 1679 752 ,
1705 719 1904 745 nontamen
1924 710 2134 755 inquantum
2152 708 2199 744 est
2214 706 2292 742 finis
2308 733 2318 749 ,
2350 705 2405 741 sed
2437 708 2472 739 in

1342 769 1520 805 quantum
1536 761 1584 796 eil
1599 762 1744 807 ptimum
1760 759 1959 806 objectum.
2299 776 2301 778 ·
2329 765 2385 791 21.
2437 765 2468 790 2.

1294 809 1502 845 Praedicatio
1528 810 1797 846 denominativa
1811 809 1852 844 de
1867 806 2018 854 subjetto
2033 819 2098 842 non
2111 804 2475 845 transcendente.cur·

1345 870 1409 894 non
1432 858 1473 896 sic
1500 862 1531 896 in
1559 861 1730 897 Divinis.
2300 857 2384 900 46²·
2442 864 2469 889 ι.

1294 908 1509 946 Praedicandi
1538 910 1632 946 modi
1659 909 1731 944 duo
1756 909 1830 944 sunt
1853 907 1885 941 in
1913 906 2045 943 divinis
2070 906 2196 943 scilicet
2222 905 2402 952 praedicati
2426 903 2477 938 es·

1348 958 1500 995 sentiatis
1513 987 1524 1003 ‚
1553 960 1586 996 &
1603 960 1767 1001 relativi,
1784 959 1838 993 seu
1855 956 1953 1002 adse
1966 984 1977 999 ,
1993 955 2031 995 ἐῢ·
2049 956 2169 998 aliud,
2334 965 2389 1000 54.
2443 963 2475 988 z.

1298 1007 1529 1045 Praedicatum
1543 1023 1612 1046 non
1629 1019 1770 1059 oportet
1798 1020 1840 1043 eo
1865 1007 1969 1041 modo
1997 1009 2186 1040 convenire
2211 1003 2478 1040 determinatio-

1348 1061 1436 1092 tioni
1452 1086 1463 1103 ,
1486 1073 1557 1108 quo
1575 1063 1746 1096 convenit
1769 1058 1871 1093 alicui
1890 1053 2066 1093 intellesso
2087 1055 2147 1089 sub
2174 1055 2237 1089 tali
2259 1052 2473 1089 determina·

1350 1107 1448 1143 tione
1465 1137 1475 1153 ‚
1499 1110 1639 1158 quando
1654 1109 1901 1145 determinatio
1914 1118 1981 1141 non
1998 1103 2045 1140 est
2062 1108 2157 1139 ratio
2171 1104 2367 1151 inhaerentie
2393 1113 2479 1150 prae·

1302 1190 1307 1195 .
1350 1157 1457 1193 dicati
1470 1161 1516 1195 ad
1537 1160 1606 1208 subj
1617 1157 1734 1195 eftum
1749 1186 1757 1194 .
2313 1163 2394 1199 344.
2452 1162 2480 1185 ι.

1300 1205 1562 1247 Praedestinatio
1587 1209 1637 1246 est
1666 1208 1767 1245 aetus
1796 1207 2012 1248 voluntatis,
2038 1202 2072 1238 8(
2099 1214 2167 1240 non
2195 1202 2393 1239 intellectus
2422 1198 2481 1236 nisi

1354 1263 1654 1297 concomitanter.
2314 1252 2395 1297 287.
2448 1261 2482 1286 2.

1303 1307 1609 1356 Predestinationis
1627 1309 1758 1355 duplex
1773 1305 1958 1347 descriptio
1975 1308 2162 1352 apponitur
2174 1329 2184 1338 .
2319 1303 2398 1346 287.
2452 1312 2484 1336 2.

1304 1357 1548 1405 prescientiam
1563 1359 1810 1408 praeparationi
1828 1355 2028 1390 mediorum
2043 1367 2106 1390 cur
2119 1352 2227 1389 addat
2241 1351 2461 1398 Augustinus
2473 1375 2483 1385 .

1358 1409 1438 1446 286.
1494 1422 1520 1446 1.

1305 1457 1554 1504 Praepofitivus
1577 1455 1771 1494 excludens
1797 1455 1815 1492 ὲ
1847 1454 1995 1490 Divinis
2034 1453 2190 1489 Perfbnis
2216 1453 2484 1501 proprietates,

1357 1507 1585 1552 &notiones‚
1614 1510 1793 1551 reficitur,
1816 1507 1849 1542 8<
1867 1505 2107 1550 improbatur,
2318 1503 2398 1550 385.
2451 1511 2482 1536 2.

1306 1556 1532 1605 Predcstinari
1548 1561 1705 1595 homines
1721 1569 1847 1593 revera
1872 1556 1892 1590 a
1909 1554 1992 1590 Deo
2005 1553 2109 1597 ,idest
2125 1554 2228 1599 eligi,
2251 1562 2354 1598 atque
2385 1550 2485 1585 ordi-

1355 1613 1430 1644 nari
1446 1610 1488 1646 ad
1506 1611 1680 1655 gloriam,
1705 1607 1804 1654 &.²d
1829 1607 2011 1652 gratiam,
2033 1613 2073 1639 ut
2105 1603 2259 1640 medium
2284 1601 2484 1648 assequendi

1359 1659 1454 1696 illam
1468 1688 1478 1704 ‚
1497 1660 1699 1696 declaratur
1715 1685 1723 1693 .
2317 1653 2398 1698 285.
2457 1662 2486 1685 1.

1306 1708 1636 1758 predestinationem
1653 1719 1779 1744 revera
1792 1707 1823 1742 in
1844 1715 1968 1752 genere
1997 1704 2102 1739 causae
2129 1702 2239 1738 finalis
2268 1702 2427 1742 habere.
2453 1699 2488 1735 &

1359 1772 1488 1807 ponere
1511 1757 1656 1794 effeetus
1684 1759 1763 1793 suos
1780 1761 1810 1791 in
1830 1754 2107 1803 predestinati8‚a
2126 1753 2303 1787 sufficienti
2334 1753 2491 1797 partium

1360 1810 1627 1846 enumeratione
1641 1808 1835 1843 luculenter
1846 1804 2037 1840 ostenditur
2050 1828 2059 1837 .
2163 1804 2242 1849 289.
2310 1812 2350 1844 1.‚
2366 1799 2399 1834 8<
2455 1813 2484 1834 2.

1308 1859 1551 1896 Praedicataea
1575 1857 1743 1893 dicuntur
1769 1856 1810 1891 de
1827 1855 1912 1891 Deo
1934 1852 2119 1889 secundum
2146 1853 2390 1892 substantiam,
2411 1861 2486 1896 quae

1357 1923 1426 1947 non
1446 1909 1592 1946 relative
1606 1910 1837 1943 enunciantur
1850 1931 1859 1939 .
2324 1902 2401 1935 160.
2455 1912 2489 1936 2.

1308 1960 1494 2010 Pedia-eta
1506 1958 1690 1994 essentialia
1709 1956 1778 1992 Dei
1799 1955 1870 1990 sunt
1883 1954 2059 2003 ‘ynonima
2073 1982 2081 1990 .
2326 1952 2402 1986 150.
2457 1962 2488 1984 2.

1309 2011 1410 2047 Inter
1423 2008 1610 2059 praedicata
1636 2007 1791 2043 absoluta
1804 2031 1815 2047 ‚
1839 2005 1872 2039 8<
1890 2005 2043 2041 relativa
2073 2010 2103 2040 in
2123 2003 2268 2040 Divinis
2284 2001 2366 2050 quid
2383 2002 2490 2034 inter·

1360 2060 1420 2097 fit.
2324 2051 2402 2099 348.
2458 2060 2491 2085 2.

1309 2111 1524 2147 Praedicatio
1549 2108 1733 2145 formalior
1759 2105 1828 2147 est,
1853 2103 1997 2146 quando
2026 2116 2212 2140 commune
2231 2101 2433 2151 predicatur
2448 2100 2491 2136 de

1362 2166 1477 2197 minus
1491 2155 1663 2195 ccmmun'i
1678 2183 1689 2200 ‚
1717 2157 1772 2192 vcl
1797 2154 1891 2204 qnasi
1908 2157 2021 2190 minus
2035 2158 2235 2196 communi,
2257 2162 2363 2201 quam
2381 2151 2398 2185 ἐ
2411 2161 2494 2185 con-

1362 2222 1417 2248 tra
1431 2238 1440 2248 .
2326 2213 2411 2248 444.
2467 2209 2494 2237 r.

1311 2263 1434 2301 Deum
1447 2261 1513 2297 effe
1525 2271 1586 2306 per
1605 2260 1700 2296 suam
1731 2257 1952 2295 substantiam
1975 2257 2078 2292 rebus
2092 2253 2258 2292 omnibus
2285 2251 2408 2287 intime
2422 2276 2433 2292 ,
2451 2260 2495 2284 ac

1365 2311 1558 2349 neceffario
1572 2310 1764 2355 presentem
1778 2335 1789 2351 ‚
1812 2309 1943 2355 dogma
1958 2306 2004 2342 est
2018 2306 2092 2341 fidei
2109 2334 2118 2342 .
2347 2312 2405 2349 90.
2466 2308 2496 2338 ι.

1316 2363 1409 2401 Fieri
1428 2375 1495 2398 non
1511 2361 1600 2408 poffe
1616 2353 1678 2407 per
1694 2359 1765 2396 Dei
1779 2361 1972 2405 potentiam
1989 2384 1999 2399 ,
2027 2366 2064 2391 ut
2082 2354 2254 2395 preterita
2269 2365 2336 2389 non
2350 2352 2413 2386 sint
2428 2361 2470 2386 ea
2483 2377 2496 2394 ,

1361 2414 1517 2461 quaejam
1534 2414 1772 2458 praeterierunt
1789 2435 1800 2451 ‚
1817 2406 1907 2456 poss‘e
1920 2417 2036 2443 tamen
2068 2405 2240 2441 facillimo
2264 2407 2409 2451 negotio
2435 2411 2497 2436 ea-

1363 2465 1520 2500 demmer
1538 2463 1715 2509 reparari.
2333 2463 2412 2500 3³²·
2464 2461 2498 2489 2,

1313 2513 1482 2551 Primitas
1508 2509 1707 2547 efficientioe
1732 2508 1883 2555 tripleX,
1917 2506 2017 2549 finis,
2051 2506 2083 2542 &
2116 2507 2311 2540 eminentiae
2331 2505 2391 2537 uni
2419 2508 2500 2536 tan.

1366 2574 1445 2600 tum
1470 2572 1603 2597 naturae
1617 2561 1807 2599 convenit3
1835 2569 1898 2593 nec
1928 2556 2040 2606 potest
2056 2554 2215 2605 pluribus
2234 2557 2370 2591 naturis
2382 2549 2500 2598 quidi-

1365 2614 1480 2650 tuive
1493 2608 1638 2645 diversis
1656 2617 1855 2654 competere
1870 2633 1879 2643 .
2351 2614 2411 2649 45.
2467 2615 2498 2637 2.

1319 2663 1420 2706 Illud,
1431 2663 1487 2698 cui
1499 2660 1628 2705 triplex
1656 2658 1830 2703 competit
1846 2657 2022 2705 primitas,
2035 2655 2145 2691 habet
2159 2656 2299 2689 omnino
2319 2647 2498 2688 neceffita-

1366 2724 1439 2751 tem
1490 2709 1616 2746 effendi
1631 2735 1642 2752 ,
1665 2706 1833 2754 reeteque
1875 2707 2024 2754 proinde
2064 2705 2264 2753 appellatur
2303 2700 2498 2748 neceffeqs-

1358 2764 1423 2811 se.
2351 2752 2412 2798 46.
2471 2762 2499 2788 1.

1319 2814 1477 2849 Primum
1495 2808 1697 2845 effefflvum
1716 2806 1763 2843 est
1777 2811 1808 2842 in
1822 2806 1902 2842 aftu
1929 2806 2098 2842 existens.
2351 2814 2412 2848 45.
2472 2812 2498 2835 1.

1322 2863 1448 2901 Datur
1471 2860 1603 2907 aliquid
1639 2857 1720 2892 aaa
1746 2857 1917 2899 existens,
1939 2855 2031 2901 quod
2047 2855 2093 2890 est
2107 2853 2308 2903 simpliciter
2323 2854 2492 2901 primum,

1368 2910 1551 2947 secundum
1569 2909 1742 2955 triplicem
1757 2907 2177 2954 primitatem,&qualiter
2190 2929 2199 2938 .
2353 2913 2414 2948 44.
2467 2912 2500 2937 2.

1366 2962 1469 3006 δι4ς.
1511 2972 1539 2995 ι.

1320 3011 1358 3048 In
1373 3016 1486 3059 primo
1502 3012 1676 3057 principio
1687 3006 1879 3043 formaliter
1902 3005 2046 3051 reperiri
2067 3004 2224 3039 affivam
2241 3004 2452 3051 potentiam,
2468 2999 2499 3037 i.

1370 3073 1440 3108 qua
1456 3059 1494 3095 sit
1508 3056 1739 3107 quidquidest
1753 3084 1763 3099 ‚
1786 3056 1819 3089 8<
1836 3056 1854 3092 a
1870 3057 1898 3091 se
1915 3054 1981 3092 esse
1999 3067 2067 3089 non
2087 3053 2194 3101 potest
2207 3080 2216 3088 .
2332 3065 2412 3100 305.
2469 3061 2504 3087 tt

1319 3111 1440 3147 Primo
1458 3113 1625 3156 principio
1639 3110 1719 3154 quia
1736 3115 1907 3153 repugnat
1927 3105 2053 3140 babere
2067 3104 2218 3145 causam,
2231 3104 2248 3139 ξι
2266 3114 2335 3150 qua
2352 3106 2504 3148 accipia-

1369 3161 1556 3209 effi-,habet
1572 3158 1589 3194 ἐι
1606 3159 1635 3192 se
1649 3157 1714 3203 effe
1731 3157 1762 3190 in
1781 3167 1854 3191 tota
1869 3154 2082 3202 plenitudine
2098 3154 2308 3189 omnimodae
2322 3150 2503 3200 perfeetio.

1370 3217 1488 3253 nis‚ut
1501 3209 1584 3244 nihil
1599 3212 1628 3241 ei
1643 3206 1752 3241 deefl'c
1769 3206 1863 3250 potiit
1881 3233 1890 3241 .
2369 3213 2423 3249 50.
2485 3212 2496 3235 ι

1329 3260 1484 3297 Primum
1505 3260 1712 3306 principium
1737 3267 1803 3291 non
1832 3256 1920 3291 dicit
1945 3253 2169 3289 necessariam
2185 3251 2431 3288 habitudinem
2461 3249 2507 3285 ad

1381 3313 1590 3358 principiata
1610 3332 1619 3341 .
2361 3313 2422 3348 94.
2475 3311 2508 3336 2.

1329 3362 1484 3397 Primum
1497 3359 1656 3394 omnium
1672 3358 1879 3401 principium
1898 3352 2081 3402 quomodo
2096 3351 2253 3388 sustentet
2266 3353 2456 3393 omni2‚6o.
2482 3365 2506 3387 ι.

1328 3412 1544 3458 Principium
1557 3407 1627 3442 dici
1645 3406 1883 3450 multipliciter
1895 3431 1905 3447 ,
1929 3403 1962 3439 Sc
1978 3403 2171 3452 ‘quomodo
2196 3401 2301 3438 Pater
2328 3401 2369 3437 fit
2384 3405 2508 3448 princi·

1379 3463 1476 3506 pium
1508 3456 1707 3491 durationis
1735 3454 1792 3489 filii
1810 3481 1819 3490 .
2340 3463 2422 3498 490.
2482 3463 2510 3490 1.

1328 3509 1538 3554 Principium
1555 3506 1701 3541 liberum
1721 3516 1785 3539 non
1800 3507 1997 3551 opponitur
2015 3500 2204 3537 necessario
2217 3528 2229 3544 ,
2337 3503 2420 3546 468.
2478 3513 2507 3538 1.

1329 3560 1369 3595 In
1385 3562 1505 3606 primis
1533 3558 1713 3603 principiis
1743 3555 1949 3590 virtualiter
1973 3551 2101 3587 includi
2117 3563 2241 3587 omnes
2255 3551 2512 3594 conclaefiones,

1380 3608 1514 3644 adeout
1531 3604 1742 3651 cognoscens
1767 3607 1881 3649 prima
1907 3603 2081 3649 principia
2094 3607 2248 3648 attingat
2271 3603 2407 3648 pariter
2435 3613 2513 3636 om-

1387 3669 1448 3693 ncs
1477 3657 1620 3691 omnino
1633 3652 1876 3689 conclusiones
1890 3651 2020 3687 scibiles
2032 3677 2044 3694 ‚
2061 3650 2180 3687 falsum
2196 3650 2243 3687 est
2261 3677 2271 3687 .
2393 3653 2429 3686 6.
2486 3662 2514 3687 t.

1340 3709 1504 3753 Principii
1521 3706 1615 3741 ratio
1644 3715 1710 3738 non
1729 3708 1773 3739 ita
1789 3702 1962 3750 adequate
1979 3712 2059 3736 cum
2075 3702 2175 3736 causa
2191 3704 2425 3749 *convertitur
2437 3727 2449 3743 ,
2476 3712 2515 3738 ut

1387 3757 1532 3802 reperiri
1554 3766 1620 3790 non
1638 3753 1737 3798 possit
1765 3751 1830 3787 sine
1847 3752 2122 3788 causaenatura.
2347 3762 2427 3798 392·
2488 3763 2514 3786 ι.

1338 3809 1494 3844 privatio
1507 3803 1687 3854 quomodo
1701 3802 1932 3850 cognoscatur
1943 3828 1985 3886 ‚T
2348 3813 2430 3850 207.
2487 3812 2517 3836 1.

1999 3858 2013 3885 t
2029 3858 2043 3885 t
2095 3863 2134 3897 3.-
2426 3851 2467 3887 In
