2617 4142
126 1738 241 1768 4-‹llssir'0
258 1743 295 1764 43-
308 1743 333 1764 Q·

120 1780 145 1801 Τ.
164 1770 189 1797 6,.
209 1771 243 1793 »ΔΛ
262 1777 302 1798 ¹1¹3

123 1809 205 1827 υιυκῐα
217 1817 223 1823 -
243 1802 276 1824 V·
292 1801 330 1825 Ad

116 1835 250 1864 strunium
263 1848 270 1855 .

131 2644 205 2670 Dssft.
232 2645 345 2669 Theon-

134 2687 201 2703 nmre
213 2686 250 2709 24·
266 2684 343 2707 n.19·

355 284 412 310 tur
424 300 433 314 ‚
458 274 708 310 distribuuntur
729 281 794 317 pro
807 270 971 304 omnibus
990 274 1222 315 conceptibus
1239 269 1319 304 infe—

354 325 506 358 rioribus
524 337 534 365 3
549 326 657 367 igitur
679 318 874 355 extendunt
886 318 918 353 se
934 318 978 353 ad
990 330 1112 355 ornnes
1129 329 1321 366 conceptus

355 375 587 419 particulares
600 397 610 412 ,
627 371 658 404 &
678 380 738 415 per
752 368 965 414 consequens
982 370 1027 402 ad
1055 378 1214 403 extrema
1245 380 1320 403 orn-

356 424 449 456 nium
469 421 668 468 specialium
686 416 944 452 conclusionum
962 444 973 459 ‚
990 428 1029 452 ac
1046 416 1191 463 proinde
1210 419 1320 452 inclu-

355 469 441 507 dunt
459 470 661 506 virtualiter
685 466 774 514 ipsas
794 466 1027 513 particulares
1057 465 1319 502 conclusiones.

403 522 597 561 Praeterea,
621 517 783 553 Naturali
807 516 938 554 lumine
966 516 1115 552 rationis
1142 517 1320 562 cognosci-

355 580 431 605 mus
444 597 454 612 ‚
482 581 584 615 atque
606 566 830 611 inteligimus
845 570 1015 601 terminos
1030 567 1187 600 omnium
1207 566 1323 600 neces-

355 618 525 656 sariorum
537 617 773 653 revelatorum
791 628 801 658 3
820 627 907 661 ergo
924 620 954 650 in
969 615 1092 651 eodem
1105 615 1234 651 lumine
1249 615 1320 660 pos-

357 671 472 704 sumus
489 671 666 715 percipere
685 666 808 702 eadem
822 663 1009 702 necessario
1020 664 1179 700 revelata
1198 692 1207 701 .
1236 665 1321 701 Pro·

354 721 461 755 batur
476 717 686 764 assumptum
706 729 715 757 ;
733 718 812 761 quia
831 715 943 750 fidelis
960 743 970 758 ,
998 715 1030 749 &
1051 713 1196 749 infidelis
1210 714 1322 761 dispu-

355 778 473 804 tantes
487 767 528 802 de
548 766 603 801 Jsta
622 767 747 808 ‚Deus
761 763 806 811 est
816 776 904 799 rarus
917 792 926 805 ‚
943 775 981 798 e>
1003 767 1122 798 trz's‘lm
1135 790 1144 805 ‚
1156 774 1222 799 non
1237 776 1322 798 con-

355 818 500 855 tendunt
521 816 709 851 dumtaxat
724 814 766 850 de
783 813 1046 855 nominibussed
1076 813 1118 849 de
1137 816 1320 859 concepti-

359 870 424 904 bus
448 878 507 915 per
539 869 679 900 nomina
707 862 939 911 significatis3
970 876 1053 908 crgo
1076 873 1214 897 omnem
1241 874 1322 897 con-

358 929 497 964 ceptum
510 915 723 961 simplicem,
755 926 857 962 quem
874 914 978 949 babet
1007 912 1117 947 fidelis
1140 922 1187 953 ear
1219 924 1323 947 reve-

359 970 491 1004 latione
515 993 524 1007 ,
569 962 676 1000 liabet
703 966 735 999 8(
762 963 906 999 infidelis
925 968 1062 997 *virtute
1091 959 1323 1007 intelligentiae

360 1017 552 1052 naturalis.
582 1015 756 1053 Probatur
786 1017 1031 1060 igiturlprima
1055 1012 1322 1058 consequentia:

360 1067 456 1102 Nam
472 1066 534 1100 illoe
548 1063 1013 1108 necessariaecomplexiones
1028 1068 1090 1095 aut
1102 1060 1180 1098 sunt
1199 1065 1322 1096 imme-

359 1117 482 1157 diatae‚
497 1127 555 1151 aut
573 1115 728 1150 mediatae
745 1112 787 1146 :si
805 1109 1015 1155 immediata:
1034 1113 1175 1158 ;„igitur
1187 1123 1322 1158 cogno—

362 1167 499 1201 scuntur
515 1167 665 1209 cognitis
684 1162 863 1203 terminis,
877 1172 937 1197 ex
955 1172 979 1195 1.
1006 1160 1093 1207 Post.
1116 1160 1219 1196 Text.
1244 1174 1269 1197 c,
1287 1162 1320 1196 6.

362 1216 398 1250 Si
415 1215 582 1249 mediatae
601 1227 611 1254 ς
645 1222 728 1256 ergo
741 1210 1023 1257 quandoquidem
1040 1211 1196 1247 valemus
1209 1216 1323 1247 conci-

362 1276 442 1311 pere
456 1262 787 1304 extrema,valemus
800 1260 942 1295 subinde
961 1264 1147 1308 concipere
1163 1261 1321 1296 medium

361 1318 452 1349 inter
465 1313 531 1359 ipsa
549 1324 556 1344 t
574 1310 811 1360 conjungendo
829 1315 946 1357 itaque
959 1309 1115 1345 medium
1129 1321 1207 1344 cum
1222 1320 1323 1345 utro-

361 1376 427 1411 que
446 1372 605 1399 extremo
625 1390 635 1404 ,
650 1372 710 1396 aut
725 1359 897 1395 habentur
912 1359 1084 1408 praemissae
1109 1361 1326 1403 iminediatae,

363 1424 426 1450 aut
443 1412 623 1454 mediatae3
646 1413 677 1446 8(
691 1422 804 1455 arguo
824 1421 861 1446 ut
879 1415 974 1455 prius
987 1436 997 1451 ‚
1020 1410 1243 1456 quoadusque
1265 1423 1322 1445 ve-

363 1468 505 1500 niamus
519 1461 563 1497 ad
581 1461 786 1496 immediata
801 1487 811 1501 ‚
826 1471 901 1506 quae
927 1460 1174 1504 intelliguntur
1190 1471 1235 1494 ex
1252 1469 1324 1495 ter—

364 1517 466 1548 minis
480 1540 490 1555 ‚
510 1522 556 1546 ex
570 1512 697 1557 quibus
708 1510 894 1554 sequuntur
908 1512 1025 1543 omnia
1052 1508 1237 1544 necessaria
1254 1522 1326 1544 me·

363 1564 487 1603 diata3
513 1573 597 1606 ergo
615 1560 671 1595 isla
689 1559 841 1594 mediata
866 1557 1232 1606 perimmediatascire
1262 1571 1325 1605 po-

362 1617 510 1648 terimus
525 1610 731 1645 naturaliter
748 1635 758 1651 ,
774 1612 861 1644 citra
880 1609 1132 1642 revelationem
1145 1633 1154 1642 .

411 1663 584 1696 CON‘rRA
602 1687 611 1703 ‚
668 1662 804 1706 uamvis
827 1662 858 1691 in
881 1657 1135 1693 beatitudinem
1155 1682 1165 1696 ‚
1192 1667 1266 1702 quae
1279 1652 1327 1691 est

363 1714 489 1748 fruitio
532 1710 602 1745 Dei
627 1736 637 1751 ‚
678 1711 881 1742 intuitivam
909 1705 1072 1742 visionem
1101 1709 1329 1747 terminantis,

307 1778 336 1791 υ·
365 1764 471 1798 homo
486 1759 638 1794 naturali
658 1761 819 1804 appetitu
833 1756 964 1791 feratur
979 1770 988 1797 ς
1004 1756 1047 1791 ad
1063 1758 1137 1802 ejus
1148 1756 1325 1790 nihilomi-

365 1824 429 1848 nus
447 1811 689 1856 cognitionem
718 1819 820 1843 nemo
838 1806 1124 1851 Philosophorum
1140 1808 1327 1851 pervenire

366 1860 553 1908 aliquando
576 1859 692 1905 potuit
719 1884 728 1891 .
757 1855 864 1892 Unde
888 1855 1095 1891 Aristoteles
1127 1867 1178 1890 10.
1211 1855 1328 1890 Etbis.

368 1922 507 1959 cap.10.
527 1908 645 1943 statuit
657 1907 807 1940 hominis
819 1906 1026 1941 felicitatem
1040 1905 1070 1937 in
1086 1902 1329 1950 perfectissima

365 1961 595 2009 speculatione
623 1955 804 1990 causarum
835 1953 1092 1994 altissimarum,
1124 1952 1269 1999 possibili
1297 1956 1329 1987 in

367 2015 439 2046 vira
467 2008 525 2043 ista
542 2035 551 2049 ,
578 2015 795 2052 quapropter
814 2003 925 2038 subdit
949 2015 959 2045 3
987 2012 1122 2050 oportet
1143 2003 1181 2042 θ’
1209 2012 1332 2050 corpus

355 2063 487 2110 simum
505 2057 591 2104 effe,
616 2055 652 2095 ὁδ’
679 2055 792 2089 cibum
808 2081 818 2096 ‚
850 2053 887 2093 ὢ
903 2053 1121 2098 famulatum
1149 2053 1240 2098 effe:
1265 2063 1331 2087 non

365 2120 485 2149 tamen
502 2105 737 2153 aestjman‘dum
764 2104 910 2144 multis,
933 2103 971 2142 ἐς
994 2104 1132 2147 magnis
1153 2102 1331 2147 indigere,

359 2160 512 2206 faelicem
527 2182 535 2190 .
559 2154 639 2190 Non
655 2154 701 2189 est
717 2165 802 2199 ergo
819 2152 946 2187 lumine
974 2152 1121 2186 naturali
1152 2152 1330 2197 cognosci-

369 2210 444 2246 bilis
457 2207 611 2242 l'aelicitas
624 2231 634 2246 ‚
658 2215 761 2250 quam
776 2215 840 2237 nos
856 2202 929 2248 post
944 2202 1028 2236 lianc
1046 2206 1153 2235 vitam
1167 2201 1330 2246 expecta-

369 2270 446 2294 mus
465 2270 475 2298 ς
503 2266 593 2301 opus
608 2253 653 2289 est
671 2258 780 2300 igitur
795 2252 860 2286 alia
873 2250 1030 2286 doctrina
1047 2249 1190 2297 desuper
1209 2249 1330 2292 infusa,

368 2309 458 2343 ultra
471 2305 663 2350 disciplinas
678 2313 800 2337 omnes
827 2301 1016 2348 acquisitas
1031 2325 1040 2342 ‚
1062 2311 1137 2346 quae
1155 2312 1217 2334 nos
1250 2312 1330 2335 eru-

368 2358 464 2397 diat,
483 2364 587 2400 atque
604 2353 748 2387 instruat
760 2350 801 2387 de
831 2351 914 2393 nne,
938 2362 1041 2396 quem
1065 2360 1191 2385 natura
1215 2347 1329 2385 nostra

368 2409 523 2453 appetit,
548 2415 587 2438 ac
600 2400 640 2439 de
656 2399 778 2438 mediis
795 2410 962 2448 praeterea
981 2399 1210 2446 perveniendi
1226 2398 1271 2433 ad
1290 2400 1330 2433 il-

369 2458 461 2492 lum.

420 2505 652 2540 Respounsso
669 2500 855 2536 dicendum
870 2527 880 2542 ,
900 2501 991 2536 ultra
1013 2499 1267 2546 philosophicas
1279 2499 1332 2533 di-

371 2554 529 2601 sciplinas
544 2579 553 2594 ‚
568 2563 641 2597 quae
655 2556 846 2591 ratione‚ac
860 2550 1027 2585 industria
1045 2550 1196 2584 bumana
1214 2552 1332 2595 acqui-

370 2614 495 2640 runtur
508 2629 519 2644 ,
541 2602 605 2637 esse
620 2601 718 2648 plane
734 2599 954 2635 necessariam
970 2600 1073 2635 aliam
1093 2597 1291 2634 dofitrinam
1313 2597 1330 2633 a

372 2653 456 2690 Deo
470 2653 665 2686 revelatam
685 2678 694 2693 ‚
718 2662 785 2697 qua
805 2650 920 2684 valeat
938 2650 1046 2684 homo
1076 2647 1220 2683 salutem
1246 2648 1331 2682 sern-

372 2707 546 2750 piternam
573 2701 750 2748 consequi.
777 2699 828 2735 At
855 2710 935 2745 quia
966 2702 1088 2746 nequit
1117 2698 1247 2733 lumine
1273 2709 1331 2732 na-

370 2753 475 2789 turali
495 2751 692 2786 intellectus
704 2750 845 2796 probari
862 2775 872 2790 ‚
900 2748 1077 2784 hominem
1100 2747 1163 2784 esse
1190 2746 1330 2785 ordina-

371 2813 447 2839 tum
462 2801 506 2835 ad
527 2801 778 2836 beatitudinem
793 2826 802 2840 ‚
831 2797 1072 2844 assequendam
1102 2802 1132 2833 in
1149 2797 1268 2832 saeculo
1281 2797 1332 2834 fu-

373 2861 456 2887 turo
471 2877 480 2891 ‚
506 2847 651 2897 proinde
666 2850 838 2889 evidenti,
852 2849 885 2883 8(
905 2848 1087 2883 necessaria
1107 2849 1245 2882 ratione
1263 2860 1331 2882 non

374 2900 486 2949 potest
501 2899 790 2947 praesenssolrttio
810 2895 1037 2933 demonstrari
1051 2923 1061 2939 ‚
1087 2896 1141 2931 sed
1167 2896 1331 2944 probabi-

376 2952 455 2986 liter
469 2950 669 2985 declaratur
692 2951 802 2995 primo
820 2947 890 2982 sic:
915 2947 1020 2981 Omni
1047 2952 1167 2992 agenti
1190 2958 1248 2993 per
1273 2958 1329 2981 co-

374 3005 570 3047 gnitionem
598 3026 608 3041 ,
631 2998 817 3034 necessaria
840 2997 887 3032 est
916 2996 1076 3032 distinfta
1103 3001 1262 3043 cognitio
1285 2996 1331 3031 sui

377 3050 476 3092 finis,
502 3050 581 3083 cum
607 3053 697 3085 enim
722 3061 786 3083 non
806 3046 863 3083 nisi
883 3059 943 3094 per
957 3051 1187 3093 operationes
1215 3046 1330 3082 valeat

376 3103 554 3144 attingere
578 3100 757 3146 proprium
788 3097 915 3138 finem,
940 3097 980 3132 ad
1008 3109 1111 3143 quem
1131 3097 1329 3138 ordinatum

379 3147 438 3184 nisi
466 3147 619 3184 distinete
647 3147 836 3194 cognoscat
863 3147 958 3181 suum
983 3146 1084 3182 finem
1114 3174 1124 3189 ‚
1171 3147 1330 3192 sciatque

379 3202 412 3233 in
431 3198 496 3232 hoc
511 3198 742 3234 determinate
761 3193 937 3231 consistere
954 3200 1133 3243 propriam
1159 3199 1332 3231 rationem

376 3248 450 3294 ejus
462 3275 472 3290 ‚
497 3259 562 3282 non
579 3252 711 3293 poterit
727 3251 886 3295 proprias
900 3247 1054 3281 actiones
1067 3245 1111 3280 ad
1139 3246 1233 3281 illum
1249 3245 1334 3279 diri-

380 3309 462 3342 gere
476 3322 484 3331 .
512 3296 579 3333 Sed
596 3298 700 3332 homo
714 3297 864 3333 naturali
881 3295 1006 3331 lumine
1022 3306 1086 3330 non
1103 3294 1211 3341 potest
1241 3296 1334 3336 scire,

380 3348 470 3382 hunc
494 3346 730 3382 determinate
758 3347 822 3382 esse
848 3347 1029 3392 proprium
1053 3345 1154 3380 finem
1179 3371 1189 3386 ‚
1212 3344 1245 3379 8(
1268 3357 1335 3378 non

380 3397 484 3432 aliurn
501 3409 511 3437 3
534 3408 621 3442 ergo
638 3405 780 3442 oportet
795 3394 930 3434 instrui,
959 3396 992 3429 &
1011 3396 1128 3430 doceri
1147 3406 1207 3441 per
1231 3394 1334 3430 aliam

381 3445 575 3480 doetrinam
594 3473 603 3487 ‚
624 3446 779 3491 quisnam
794 3446 832 3480 sit
846 3444 922 3478 finis
934 3442 1030 3490 ejus,
1059 3444 1101 3478 ad
1125 3456 1227 3490 quem
1255 3454 1336 3490 pro-

382 3496 474 3541 prias
490 3496 620 3540 dirigat
631 3497 853 3542 operationes
868 3520 876 3528 .
905 3492 1079 3531 Minorem
1103 3496 1230 3539 probat
1247 3496 1337 3529 ratio

385 3542 427 3577 ad
440 3543 622 3592 oppcfirum
637 3543 785 3579 adducta
803 3558 811 3585 ;
828 3544 859 3577 8<
875 3545 990 3577 rursus
1004 3544 1175 3591 probatur
1185 3547 1337 3582 ratione;

385 3598 465 3638 quia
501 3607 566 3628 non
603 3593 776 3639 possumus
800 3594 1002 3638 cognoscere
1030 3596 1209 3639 proprium
1235 3591 1337 3626 finem

386 3642 535 3687 alicujus
546 3641 738 3678 substantia:
751 3669 760 3684 ‚
781 3642 840 3677 nisi
857 3653 902 3678 ex
917 3641 1054 3676 actibus
1066 3643 1140 3689 ejus
1150 3641 1250 3677 nobis
1265 3652 1338 3675 ma-

386 3690 535 3734 nifestis,
564 3703 609 3727 ex
633 3693 759 3739 quibus
781 3703 904 3738 nempe
932 3690 1064 3726 constet
1090 3719 1099 3734 ,
1125 3703 1205 3726 eum
1233 3689 1337 3724 finem

385 3740 448 3775 esse
461 3742 665 3777 talinaturae
696 3746 987 3777 convenientem:
1018 3739 1070 3774 sed
1098 3740 1209 3775 nullos
1237 3739 1339 3773 afkus

384 3791 623 3836 cognoscimus
648 3817 658 3832 ,
699 3801 761 3827 aut
790 3793 991 3838 experimur
1018 3790 1118 3826 inesse
1147 3790 1246 3824 nobis
1276 3800 1338 3835 pro

876 178 924 243 S
926 163 1140 243 ummae
1152 177 1197 255 J
1201 180 1419 243 oannis
1450 178 1625 244 Dans
1650 178 1697 244 S
1701 184 1818 245 coti
1828 228 1843 245 .

1394 276 1543 316 praeienti
1561 270 1675 313 statu,
1706 271 1774 306 und
1819 271 2077 316 cognoscamus
2097 275 2270 311 visionem
2293 276 2370 311 sub·

1395 318 1605 355 stantiarum
1625 321 1782 367 separata
1805 333 1861 356 um
1874 319 1939 356 esse
1955 322 2055 359 nobis
2071 325 2366 368 convenientem

1394 380 1483 414 ‘³ng
1497 380 1561 402 ⁰0¹²
1579 368 1755 419 possumus
1778 369 1986 407 naturaliter
2000 371 2218 419 cognoscere
2250 372 2370 409 distin-

1395 418 1449 452 Gt&
1467 444 1477 461 ‚
1493 416 1547 453 seu
1565 418 1805 454 determinate
1823 447 1833 462 ‚
1849 420 1940 455 hunc
1952 417 2054 458 finem
2072 423 2136 459 effe
2156 427 2369 459 convenjen-

1394 477 1466 503 tem
1481 467 1604 502 nobis:
1631 470 1825 514 reqsslsitur
1836 480 1923 513 ergo
1938 469 2003 507 alia
2017 472 2176 508 doftrina
2196 472 2366 514 revelata,

1395 529 1572 564 perquam
1587 518 1631 553 de
1647 518 1707 552 tali
1727 516 1794 552 fine
1808 521 1897 553 certi
1917 517 2124 557 reddamur.
2158 521 2201 557 Et
2216 519 2364 563 etiamsi,

1394 567 1508 614 qualis
1523 566 1562 603 fit
1578 565 1788 603 finis‘noster
1801 593 1812 610 ‚
1830 568 1979 602 naturali
1999 574 2134 606 ratione
2149 570 2275 605 addisci
2292 570 2366 616 pos-

1394 616 1473 663 set(
1485 617 1581 663 quod
1598 626 1715 652 tamen
1736 629 1805 654 non
1822 615 2021 657 ostenditur
2039 617 2183 664 >tamen
2199 632 2264 655 non
2281 630 2365 654 con-

1395 667 1596 703 cluderetur
1608 694 1619 711 ,
1633 666 1807 703 hominem
1820 694 1831 709 ‚
1845 670 1958 705 anima
1974 693 1984 712 ,
1998 667 2028 703 8(
2043 678 2195 715 corpore
2212 668 2366 704 constan-

1395 724 1467 750 tem
1481 743 1491 758 ,
1510 716 1600 762 posse
1621 719 1726 762 potiri
1742 726 1910 764 perpetuo
1924 726 2023 752 tanta
2040 715 2211 754 faelicitate
2227 743 2238 760 ‚
2259 728 2299 752 ut
2313 719 2366 752 fu-

1394 774 1510 800 turam
1525 765 1735 813 assequimur
1751 777 1811 812 per
1823 766 2080 803 revelationem
2095 792 2104 802 .
2133 764 2177 803 Et
2193 768 2364 802 nihilomi-

1395 814 1652 857 nus‚h0minem
1667 812 1757 850 adeo
1771 815 1914 852 faelicem
1931 816 2002 852 fore
2018 825 2202 864 perpetuo,
2216 815 2263 851 est
2281 828 2364 852 con-

1394 864 1484 900 ditio
1499 866 1659 900 alliciens
1673 862 1717 899 ad
1731 864 1876 900 avidius
1890 866 2121 913 appetendum
2137 893 2147 909 ,
2160 867 2192 901 8(
2208 878 2363 913 quaeren-

1395 915 1480 956 dum
1494 916 1561 951 tale
1580 915 1709 950 bonum
1726 941 1733 948 .
1766 916 1841 952 Has
1857 928 1941 961 ergo
1954 943 1964 958 ‚
1988 916 2020 951 8(
2035 915 2227 953 confimiles
2243 916 2363 953 condi-

1396 971 1515 1001 tiones
1530 964 1606 1000 finis
1623 961 1848 1000 necessarium
1861 963 1907 1000 est
1924 965 2028 1009 nosse,
2043 978 2114 1012 quo
2131 965 2306 1003 efficaci-us
2319 967 2364 1000 in-

1394 1018 1560 1062 quiratur
1573 1041 1583 1056 ‚
1598 1015 1631 1048 &
1649 1014 1792 1060 quisque
1811 1015 1934 1066 assequi
1953 1025 2105 1054 conetur
2122 1027 2133 1061 ς
2148 1027 2234 1064 ergo
2246 1017 2362 1061 requi-

1395 1070 1485 1100 ritur
1499 1064 1658 1100 ‹sostrina
1674 1062 1803 1099 tradita
1819 1077 1881 1112 per·
1896 1064 1965 1101 Dei
1981 1065 2238 1101 revelationem
2252 1088 2261 1099 .

1444 1113 1610 1150 Deinde:
1637 1117 1731 1149 omni
1744 1126 1803 1160 per
1822 1114 1851 1151 se
1870 1117 1990 1161 agenti
2020 1126 2082 1161 per
2109 1115 2360 1161 cognitionem,

1395 1162 1580 1200 necessaria
1595 1161 1644 1199 est
1662 1163 1794 1211 triplex
1807 1167 1988 1211 cognitio:
2009 1166 2119 1210 prima
2134 1191 2144 1205 ‚
2169 1163 2360 1211 quomodo,

1394 1215 1427 1251 &
1453 1214 1602 1261 qualiter
1627 1213 1704 1249 finis
1733 1218 1936 1260 acquiratur
1952 1226 1963 1256 ς
1997 1212 2151 1249 secundo
2169 1240 2180 1255 ‚
2198 1213 2371 1258 cognitio*

1395 1268 1555 1299 omnium
1571 1290 1581 1305 ‚
1611 1275 1686 1311 quae
1701 1263 1775 1299 sunt
1789 1262 1973 1299 necessaria
1988 1262 2031 1297 ad
2048 1260 2273 1297 finem:tertio
2287 1270 2362 1296 tan-

1394 1314 1642 1357 dem‚oportet‚
1659 1324 1766 1360 agens
1784 1310 2007 1358 cognoscere,
2027 1324 2067 1347 ea
2086 1312 2206 1346 omnia
2222 1310 2267 1345 ad
2283 1308 2361 1357 ejus

1395 1364 1473 1400 finis
1488 1362 1763 1409 asl‘equutionem
1777 1361 1928 1400 sufficere
1949 1389 1958 1398 .
1985 1360 2031 1398 Et
2045 1368 2216 1410 quantum
2236 1360 2280 1395 ad
2298 1363 2363 1407 pri-

1396 1425 1488 1449 mam
1502 1441 1513 1456 ‚
1529 1412 1746 1448 manifestum
1759 1411 1830 1455 est3
1864 1415 1944 1458 quia
1961 1437 1970 1453 ‚
2000 1409 2021 1444 fi
2036 1411 2162 1446 nesciat
2184 1409 2362 1456 quomodo

1397 1464 1476 1498 finis
1498 1466 1708 1510 acquiratur
1723 1487 1734 1504 ‚
1764 1462 1939 1507 ignorabit
1966 1458 2108 1494 subinde
2138 1458 2288 1507 qualiter
2316 1456 2361 1493 ad

1399 1513 1706 1559 consequutionem
1723 1511 1816 1546 illius
1831 1510 1860 1546 se
1877 1509 2048 1557 disponat.
2065 1509 2265 1546 Secundum
2281 1519 2362 1555 pro-

1397 1563 1501 1597 batur
1515 1576 1525 1605 ς
1540 1565 1620 1608 quia
1637 1588 1647 1603 ‚
1664 1560 1685 1594 s1
1706 1560 1829 1595 nesciat
1843 1564 1963 1596 omnia
1978 1558 2162 1595 necessaria
2183 1559 2226 1593 ad
2254 1558 2362 1605 ipsum

1397 1611 1500 1646 finem
1517 1638 1526 1653 ‚
1538 1621 1687 1657 propter
1704 1613 1936 1654 ignorantiam
1951 1608 2097 1655 alicujus
2110 1607 2361 1654 necessarium-

1397 1662 1480 1695 terit
1497 1659 1660 1695 excidere
1677 1659 1694 1693 a
1712 1656 1776 1693 fine
1793 1683 1801 1691 .
1821 1654 1869 1696 Et
1888 1662 2035 1694 tertium
2050 1656 2290 1698 etiam3namst
2307 1668 2361 1694 ne-

1398 1710 1481 1744 sciat
1494 1721 1533 1745 ea
1550 1707 1734 1744 necessaria
1747 1706 1901 1743 sufficere
1916 1734 1925 1748 ‚
1942 1705 2141 1742 dubitando
2153 1707 2184 1743 se
2200 1708 2363 1752 ignorare

1397 1758 1537 1805 aliquod
1553 1756 1865 1799 neceffarium‚‘nec
1880 1756 2071 1794 efficaciter
2085 1757 2312 1803 prosequetur
2327 1753 2363 1791 il-

1395 1808 1457 1843 lud
1472 1833 1482 1849 ,
1503 1807 1596 1855 quod
1618 1807 1664 1842 est
1688 1806 1934 1842 necessarium:
1960 1809 2005 1843 Si
2022 1815 2142 1841 autem
2165 1807 2362 1854 ignoretur,

1397 1859 1413 1905 (
1430 1862 1536 1904 inquit
1552 1856 1769 1903 Augustinus
1790 1867 1799 1890 1
1814 1867 1839 1890 1.
1858 1854 1901 1891 de
1913 1854 2026 1891 Civit.
2045 1866 2120 1902 cap.
2136 1854 2187 1901 2.)
2198 1854 2266 1901 quiz
2279 1862 2363 1891 eun-

1398 1906 1529 1951 dumfit
1543 1935 1553 1951 ‚
1570 1908 1657 1956 quid
1664 1905 1806 1954 prodest
1816 1908 1903 1953 noste
1916 1933 1925 1949 ,
1938 1906 2002 1954 quo*
2019 1903 2221 1947 eundumlit
2234 1907 2250 1940 ε’

1450 1957 1522 1993 Sed
1538 1957 1608 1992 haec
1627 1958 1696 1992 tria
1711 1960 1829 2004 nequit
1844 1959 1966 1991 viator
1986 1957 2124 1990 ratione
2140 1952 2288 1989 naturali
2302 1963 2362 1987 co-

1398 2007 1558 2055 gnoscere
1571 2032 1580 2041 .
1595 2004 1770 2041 Probatio
1786 2008 1884 2052 primi
1901 2017 1911 2048 ς
1927 2006 2008 2052 quia
2022 2002 2208 2040 beatitudo
2226 2003 2360 2038 confer*-

1398 2069 1456 2094 tur
1472 2067 1639 2103 tanquam
1666 2057 1843 2103 praemium
1871 2068 1935 2101 pro
1968 2057 2101 2089 meritis
2130 2053 2205 2101 ejus
2222 2080 2232 2096 ,
2256 2063 2361 2099 quem

1401 2107 1505 2143 Deus
1520 2115 1703 2152 acceptat,
1731 2114 1896 2151 tanquam
1911 2104 2055 2150 dignum
2071 2105 2132 2139 tali
2150 2106 2311 2150 praemi03
2327 2100 2360 2136 &

1400 2156 1649 2203 consequenter
1663 2155 1753 2190 nulla
1770 2153 1918 2189 naturali
1941 2152 2141 2188 necessitate
2154 2153 2304 2199 sequitur
2316 2150 2359 2185 ad

1401 2206 1500 2241 aetus
1515 2205 1648 2241 nostros
1661 2204 1928 2250 qualeseiinque;
1942 2204 2024 2250 quia
2042 2202 2287 2245 contingenter
2300 2200 2361 2235 tla-

1403 2267 1462 2291 tur
1482 2255 1499 2291 a
1519 2255 1733 2295 Dco‚a5tus
1746 2255 1882 2298 aliquos
1898 2256 1930 2290 in
1944 2252 2064 2291 ordine
2079 2251 2120 2289 ad
2134 2251 2240 2293 ipsum
2252 2277 2262 2293 ‚
2285 2261 2363 2286 tan-

1402 2317 1505 2353 quam
1525 2306 1727 2340 meritorios
1744 2312 1966 2349 acceptante.
1982 2302 2021 2336 Id
2035 2311 2151 2337 autem
2166 2313 2230 2335 non
2243 2300 2289 2335 est
2304 2313 2360 2335 na-

1404 2355 1566 2391 turaliter
1585 2353 1713 2389 scibile:
1743 2357 1774 2388 in
1789 2352 1856 2387 hoc
1871 2356 1959 2390 enim
1972 2351 2134 2388 errabant
2158 2348 2363 2396 Philosophi,

1403 2415 1570 2451 ponentes
1581 2427 1593 2444 ‚
1605 2408 1725 2440 omnia
1736 2429 1747 2444 ‚
1759 2414 1832 2452 quae
1845 2401 1917 2438 sunt
1932 2413 1949 2439 a.
1969 2399 2051 2439 Deo
2065 2398 2266 2437 immediate
2277 2425 2288 2441 ‚
2313 2399 2364 2435 es-

1403 2455 1432 2489 se
1447 2453 1492 2487 ab
1505 2466 1548 2488 eo
1562 2451 1748 2487 necessario
1763 2478 1770 2486 .
1801 2452 1876 2487 Aut
1892 2451 2010 2486 saltem
2029 2450 2163 2496 reliqua
2176 2450 2245 2484 duo
2259 2460 2364 2483 mem-

1404 2504 1464 2538 bra
1480 2503 1552 2537 sunt
1567 2501 1766 2536 manifesta:
1793 2512 1874 2536 nam
1895 2511 1961 2536 non
1987 2499 2096 2545 potest
2119 2499 2192 2533 sciri
2220 2506 2364 2533 natura-

1404 2554 1482 2588 liter
1509 2554 1707 2596 acceptatio
1734 2551 1932 2587 voluntatis
1962 2548 2087 2585 divinae
2099 2575 2109 2590 ,
2129 2551 2258 2594 quippe
2287 2559 2364 2593 quae

1404 2602 1648 2645 contingenter
1662 2601 1742 2634 talia
1757 2627 1766 2639 ,
1783 2599 1837 2637 vel
1852 2600 1935 2639 talia
1949 2626 1959 2640 ‚
1972 2607 2011 2633 ut
2029 2597 2136 2644 digna
2151 2601 2221 2634 vita
2237 2606 2363 2633 aeterna

1404 2650 1526 2686 habeat
1543 2659 1685 2697 accepta
1702 2676 1709 2684 .
1725 2647 1771 2684 Et
1787 2648 1880 2695 quod
1898 2652 2004 2686 etiam
2022 2648 2092 2682 haec
2105 2673 2115 2689 ‚
2132 2655 2193 2682 aut
2206 2646 2258 2681 illa
2272 2645 2360 2680 suffi-

1401 2706 1493 2736 ciant
1507 2727 1518 2741 ‚
1539 2696 1710 2744 dependet
1730 2699 1823 2733 mere
1839 2710 1884 2734 ex
1916 2697 2137 2742 beneplacito
2167 2695 2361 2731 voluntatis

1400 2750 1529 2785 divina:
1543 2760 1553 2789 ς
1566 2752 1673 2794 igitur
1688 2751 1832 2784 omnino
1849 2746 2034 2783 necessaria
2051 2745 2098 2782 est
2113 2746 2176 2781 alia
2190 2744 2360 2787 dostrtna,

1401 2812 1470 2847 qua
1487 2798 1677 2834 instruatur
1696 2798 1800 2833 homo
1818 2802 1934 2834 viator
1944 2796 1984 2832 de
2001 2796 2054 2831 his
2068 2793 2275 2836 necessariis,
2287 2794 2356 2830 fine

1401 2849 1529 2897 quibus
1544 2860 1612 2882 non
1627 2848 1710 2883 licet
1726 2849 1757 2882 ei
1773 2847 1931 2893 consequi
1947 2847 2110 2882 ultimum
2124 2844 2240 2887 finem,
2253 2856 2356 2892 quem

1402 2903 1539 2946 appetit
1550 2925 1561 2940 ‚
1574 2898 1606 2932 8(
1619 2896 1720 2942 cujus
1734 2900 1848 2942 gratia
1863 2905 2030 2943 operatur
2047 2919 2056 2930 .

1453 2950 1491 2985 Si
1507 2948 1641 2994 aliquas
1655 2946 1832 2981 instantias
1844 2946 1893 2982 hae
1906 2949 2059 2981 rationes
2073 2942 2202 2980 habere
2218 2941 2358 2978 videan-

1400 3010 1458 3034 tur
1474 3011 1484 3039 ς
1500 3008 1538 3033 ut
1554 3025 1564 3040 ,
1582 3001 1662 3043 quia
1673 3007 1717 3031 ex
1728 2996 1871 3030 causato
1881 2999 2023 3040 cognito
2035 2992 2146 3040 potest
2160 2991 2177 3029 a
2193 2991 2357 3038 posterio-

1402 3053 1428 3082 ri
1445 3047 1576 3082 ostendi
1588 3044 1748 3093 quaelibet
1761 3056 1823 3092 per
1835 3044 1864 3080 se
1878 3045 1977 3082 causa
1991 3069 2000 3085 ‚
2021 3055 2040 3077 a
2054 3052 2121 3088 qua
2139 3039 2359 3079 essentialiter

1400 3096 1575 3143 dependet
1589 3107 1599 3130 z
1613 3093 1711 3130 Tum
1727 3120 1737 3137 ,
1750 3104 1795 3130 ex
1807 3107 1849 3130 eo
1865 3098 1946 3141 quia
1964 3094 2068 3128 homo
2081 3091 2291 3127 naturaliter
2302 3102 2359 3137 ap-

1401 3150 1491 3194 petit
1510 3145 1610 3180 finem
1626 3145 1721 3178 suum
1736 3170 1745 3185 ‚
1769 3147 1801 3177 in
1820 3155 1889 3190 quo
1902 3141 2080 3190 perficitur
2092 3165 2102 3183 ,
2117 3141 2148 3176 8(
2164 3145 2359 3188 quietatur;

1399 3208 1442 3231 ac
1460 3194 1606 3241 proinde
1622 3197 1765 3238 cognita
1782 3204 1906 3229 natura
1932 3192 1976 3228 sic
1990 3189 2152 3226 ordinata
2168 3217 2179 3233 ‚
2203 3189 2314 3236 potest
2329 3191 2362 3224 8(

1400 3245 1470 3287 ipse
1485 3243 1558 3278 finis
1577 3242 1762 3288 cognosci,
1775 3243 1808 3277 &
1832 3240 1994 3278 concludi
2007 3240 2131 3276 lumine
2144 3239 2293 3276 naturali
2309 3243 2361 3274 in-

1400 3294 1572 3329 telleetus:
1590 3291 1686 3328 Tum
1704 3294 1805 3327 etiam
1819 3319 1829 3333 ‚
1843 3294 1922 3338 quia
1939 3287 1986 3325 est
2001 3288 2208 3324 naturaliter
2222 3299 2362 3334 cogno-

1400 3344 1512 3379 scibile
1529 3370 1539 3385 ,
1557 3346 1707 3389 primum
1721 3341 1895 3389 objectum
1915 3337 2108 3375 intellecfftus
2122 3337 2185 3374 esse
2205 3349 2265 3372 ens
2281 3364 2291 3380 .,
2324 3346 2363 3373 ut

1401 3404 1484 3428 ens:
1514 3393 1724 3428 naturaliter
1735 3402 1873 3437 quoque
1887 3388 1934 3425 est
1957 3387 2191 3434 cognoscibile
2218 3390 2251 3421 in
2280 3386 2362 3422 Deo

1402 3446 1547 3489 reperiri
1564 3438 1837 3488 perfec‘tissimam
1853 3443 2026 3474 rationem
2038 3441 2126 3474 entis
2139 3462 2150 3479 ,
2162 3446 2201 3471 ac
2215 3435 2361 3482 proinde

1400 3500 1562 3540 oportere
1578 3491 1667 3524 bunc
1686 3489 1749 3524 effe
1767 3491 1929 3535 potentiae
1944 3487 2046 3522 finem
2059 3512 2069 3528 ,
2085 3495 2250 3531 tanquam
2270 3488 2362 3531 opti-

1404 3553 1498 3575 mum
1515 3567 1523 3575 .
1538 3540 1676 3575 Rursus
1688 3565 1699 3580 ,
1729 3539 1808 3574 cum
1823 3537 1871 3573 est
1885 3537 2093 3572 naturaliter
2118 3533 2361 3580 cognoscibilis

1403 3593 1557 3636 potentia
1589 3588 1703 3635 aliqua
1719 3614 1729 3630 ‚
1757 3587 1805 3623 est
1816 3597 1953 3634 quoque
1968 3584 2178 3621 naturaliter
2192 3582 2363 3628 cognosci-

1405 3641 1471 3674 bile
1489 3666 1500 3681 ,
1516 3637 1596 3685 quid
1610 3637 1649 3673 fit
1664 3637 1743 3682 ejus
1754 3637 1932 3684 objectum
1950 3638 2101 3683 primurn
2115 3645 2125 3675 ς
2141 3632 2361 3678 Augustinus

1404 3698 1520 3724 autem
1544 3699 1593 3732 14.
1611 3688 1653 3721 de
1675 3688 1810 3722 Trinit.
1824 3695 1896 3733 cap.
1909 3697 1943 3730 4.
1958 3683 2045 3726 vult,
2057 3692 2206 3717 mentem
2223 3681 2286 3718 esse
2299 3684 2358 3722 sihi

1404 3747 1542 3774 notam.
1572 3739 1663 3777 His,
1693 3740 1853 3782 inquam,
1872 3735 1904 3768 8(
1928 3730 2166 3768 consimilibus
2192 3730 2361 3771 instantiis

1404 3790 1504 3824 unica
1520 3785 1732 3833 responfione
1748 3784 1900 3822 satisfieri
1917 3780 2052 3830 potest,
2065 3779 2227 3824 dicendo,
2237 3794 2363 3867 pmnes

2243 3843 2312 3879 uup.

2392 3733 2574 3760 Num-iratior:

2392 3769 2421 3793 liu
2433 3775 2482 3791 non
2492 3767 2524 3790 ess
2537 3770 2574 3788 noi

2395 3798 2531 3826 intellet‘iui
2541 3797 2573 3822 su<
