2650 4142
375 190 507 257 3¹4

373 256 447 298 {ult
466 289 475 302 ,
488 258 679 305 largitur&
694 255 964 304 perfeftionem:
996 259 1105 303 igitur
1116 256 1211 304 quod
1230 267 1326 290 crea-

371 322 449 347 tura
465 323 530 344 non
551 308 658 355 possit
672 312 828 353 recipere
841 334 850 347 ,
865 318 926 342 nec
937 306 1027 350 fieri,
1040 310 1208 353 provenit
1223 316 1268 339 ex
1282 316 1326 338 eo

370 361 464 408 quod
477 366 625 405 nequeat
642 358 822 404 capacitas
836 355 895 392 sibi
910 356 1014 393 dari:
1042 367 1131 402 ergo
1146 353 1325 390 manifeste

369 411 470 445 radix
486 413 594 455 prima
612 433 622 448 ‚
651 407 684 441 &
700 410 791 442 ratio
808 407 1101 454 impossibilitatis
1113 408 1162 441 rei
1192 403 1325 445 fienda,

367 460 415 496 eil.
429 470 474 494 ex
488 468 588 503 parte
605 456 698 493 Dei.

420 508 593 544 CONTRA
606 533 616 548 ‚
627 506 728 541 Nihil
741 503 940 551 simpliciter
953 505 1002 541 est
1016 503 1244 551 impossibile,
1266 501 1324 538 nisi

366 560 449 605 quia
464 558 664 604 simpliciter
694 564 865 602 repugnat
878 555 1035 603 fibieste:
1062 556 1117 590 cui
1132 562 1249 589 autem
1269 564 1324 587 re-

366 617 501 654 pugnat
516 607 581 653 effe
597 633 608 648 ‚
622 615 797 652 repugnat
809 608 840 641 ei
853 616 898 639 ex
911 605 940 641 se
955 608 1070 652 primo
1087 631 1097 647 ‚
1110 604 1143 639 St
1156 615 1222 638 non
1241 614 1322 649 pro·

368 668 448 704 pter
464 655 658 703 respeflum
671 656 820 701 aliquem
842 654 1094 689 affirmativum
1109 680 1120 696 ‚
1152 653 1206 688 vel
1219 664 1324 696 nega-

364 709 482 743 tivum
497 706 571 753 ejus
584 704 627 740 ad
643 704 772 752 aliquid
787 702 898 739 aliud.
925 704 1005 738 Hoc
1020 704 1216 750 probatur:
1247 701 1324 736 Re-

366 760 560 805 pugnantia
573 765 785 802 quaecunque
797 762 1043 788 extremorum
1063 751 1112 787 est
1125 763 1170 786 ex
1185 754 1321 785 ratione

365 807 516 852 ipsorum
531 805 693 846 formali,
726 804 758 839 8t
776 814 840 850 per
853 802 881 837 ie
895 801 1057 837 essentiali
1075 827 1084 842 ‚
1109 800 1324 835 circumscri-

366 867 430 905 pto
447 866 655 903 quocunque
681 855 751 888 alio
781 851 938 899 reipefftu
964 850 1140 896 utriusque
1168 849 1322 885 extremi

366 905 520 954 positivo
534 932 544 947 ,
561 905 614 938 vel
627 907 794 949 negativo
811 901 854 937 ad
870 901 1099 947 quodcunque
1113 897 1220 934 aliud:
1236 896 1323 932 illud

368 957 477 1002 igitur
492 955 539 991 est
551 953 756 1001 simpliciter
774 951 985 997 impossibile
1002 977 1010 988 ,
1025 951 1082 984 cui
1098 960 1159 996 per
1175 948 1204 982 se
1221 958 1324 994 repu-

366 1015 455 1052 gnat
468 1005 533 1050 este
544 1030 554 1046 ,
571 1002 602 1036 8<
614 1002 707 1049 quod
723 1012 768 1036 ex
781 1000 812 1036 se
825 1004 940 1046 primo
951 998 1000 1034 est
1016 999 1085 1034 tale
1100 1006 1159 1041 ‚ut
1172 996 1230 1031 sibi
1243 1009 1323 1032 om·

366 1060 449 1091 nino
466 1062 634 1099 repugnet
647 1051 710 1087 esse
726 1077 736 1092 ‚
753 1049 786 1083 8<
800 1061 867 1083 non
880 1058 1022 1095 propter
1039 1049 1194 1095 aliquem
1208 1047 1324 1093 respe-

365 1106 463 1140 etum
478 1103 521 1138 ad
535 1102 653 1137 Deum
669 1099 939 1139 affirmativum,
954 1099 1009 1133 vei
1022 1100 1322 1143 negativum:imo

368 1154 426 1189 fibi
454 1159 628 1199 repugnat
643 1149 729 1196 effi,
754 1148 775 1183 fi
790 1159 853 1196 per
884 1146 1094 1195 impossibile
1120 1147 1223 1183 Deus
1253 1157 1322 1181 non

367 1203 473 1238 esset.

418 1252 652 1289 Respoimzo
665 1246 854 1283 dicendum
868 1274 880 1290 ‚
899 1247 1052 1296 primam
1065 1245 1325 1291 impossibilita-

367 1304 415 1337 tis
429 1301 585 1338 radicem
600 1312 666 1335 non
684 1297 750 1334 esse
761 1297 944 1344 petendam
968 1308 1012 1332 ex
1030 1305 1132 1343 parte
1160 1298 1323 1341 potentia:

368 1351 494 1388 aetivoe
506 1354 610 1396 primi
623 1349 787 1396 principii
807 1374 817 1389 ‚
835 1348 915 1383 licet
940 1345 1206 1393 quodammodo
1219 1343 1257 1379 fit
1275 1345 1320 1378 ab

365 1401 545 1438 intellec-‘tu
571 1400 693 1434 divino
706 1423 716 1439 ‚
739 1401 790 1433 uti
807 1396 824 1431 a
838 1398 1028 1443 principio,
1052 1400 1085 1431 in
1106 1395 1200 1442 quod
1225 1393 1273 1429 est
1289 1393 1323 1428 ἢν

365 1452 491 1488 naliter
505 1448 700 1486 reducenda
715 1473 723 1481 .
740 1447 977 1484 Declaratio:
1010 1444 1322 1494 Quemadmodum

366 1514 484 1537 rerum
498 1504 656 1536 omnium
674 1498 797 1543 prima,
813 1496 845 1531 8<
860 1495 1015 1531 absoluta
1030 1495 1240 1541 possibilitas
1257 1493 1323 1529 effe

367 1564 434 1588 non
449 1550 557 1597 potest
572 1549 616 1584 ab
627 1549 883 1588 omnipotentia
903 1545 996 1586 Dei,
1028 1549 1079 1579 ita
1093 1556 1155 1579 cur
1168 1544 1323 1589 complu-

367 1614 407 1638 ra
422 1599 627 1636 dicantur&
642 1596 703 1631 sint
717 1595 810 1631 faetu
831 1595 1054 1641 impossibilia
1071 1620 1081 1636 ‚
1105 1606 1171 1628 non
1187 1592 1236 1628 est
1254 1593 1324 1628 Dei

365 1654 533 1699 potentia:
573 1647 699 1682 aftivae
727 1644 986 1681 attribuendum
1011 1670 1022 1685 ,
1054 1643 1147 1690 quali
1173 1643 1221 1677 ob
1246 1641 1324 1688 ejus

365 1699 541 1736 defeetum
567 1699 599 1732 id
628 1697 835 1742 proveniret
858 1721 866 1729 .
891 1693 988 1730 Nam
1033 1697 1064 1729 in
1100 1691 1212 1728 causis
1241 1704 1326 1740 prae-

365 1750 442 1786 tilis
453 1777 463 1791 ‚
475 1746 496 1783 ii
510 1747 697 1784 affirmatio
710 1744 756 1780 est
770 1744 872 1779 causa
887 1743 1128 1778 affirmationis
1140 1769 1150 1785 ,
1174 1743 1205 1776 8(
1219 1753 1326 1788 nega-

365 1799 476 1836 tioest
494 1798 595 1834 causa
610 1797 831 1841 negationis,
854 1794 959 1840 juxta
992 1793 1258 1839 Philotimum,
1295 1803 1322 1826 ῐ.

366 1849 497 1896 Foster.
510 1858 601 1883 rext.
614 1860 640 1881 c.
660 1858 712 1892 30.
724 1844 760 1878 Si
776 1848 883 1888 igitur
895 1845 940 1879 ab
952 1843 1068 1878 aetiva
1094 1846 1254 1888 potentia
1273 1841 1325 1876 fo-

364 1908 421 1935 ret
450 1909 569 1934 rerum
598 1895 826 1943 possibilitas.
847 1898 970 1939 utique
986 1891 1002 1927 a
1030 1896 1214 1938 negatione
1241 1891 1324 1937 ejus-

363 1948 444 1984 dem
463 1947 629 1994 potentiae
641 1944 721 1980 esset
733 1947 875 1986 negatio
889 1942 1123 1988 possibilitatis
1139 1945 1171 1977 in
1186 1950 1326 1977 creatu-

363 2011 403 2034 ra
418 2026 427 2035 .
452 1996 673 2042 Affiimptum
687 1992 816 2028 exinde
830 1991 964 2027 constat
978 2019 988 2034 ‚
1014 1994 1096 2038 quia
1116 1991 1185 2027 Dei
1201 2000 1325 2037 poten-

363 2052 416 2083 tia
428 2047 547 2083 aetiva
561 2044 627 2080 esse
655 2055 724 2078 non
736 2040 847 2089 potest
869 2040 1067 2079 intelleftus
1095 2041 1238 2076 divinus
1254 2040 1325 2076 for-

362 2098 529 2138 maliter3
555 2099 627 2130 imo
639 2101 780 2139 oportet
796 2118 807 2135 ,
837 2104 914 2127 eam
932 2090 1025 2138 quasi
1057 2093 1321 2137 praesupponcre

362 2150 606 2193 operationem
622 2141 824 2179 intelle&us
837 2168 848 2184 ,
872 2141 942 2177 five
955 2153 996 2176 ea
1022 2144 1182 2186 potentia
1196 2139 1235 2175 sit
1256 2153 1320 2175 vo-

364 2198 482 2232 luntas
495 2195 588 2237 ‚five
605 2194 673 2228 alia
690 2194 849 2239 potentia
862 2195 1067 2228 executiva:
1083 2190 1154 2226 Sed
1171 2191 1261 2236 lapis
1276 2190 1325 2227 est·

362 2245 527 2294 possibilis
544 2255 588 2279 ex
613 2243 645 2277 se
659 2242 873 2281 formaliter3
897 2253 985 2285 ergo
1014 2239 1214 2275 reducendo
1229 2239 1323 2287 quasi

364 2295 409 2331 ad
427 2296 577 2341 primum
592 2294 802 2338 principium
832 2290 1067 2327 extrinsecum
1085 2317 1096 2331 ,
1122 2289 1322 2326 ἱηῑεῐῐεξὶυε

362 2345 504 2381 divinus
518 2341 564 2377 est
582 2345 790 2388 principium
806 2340 885 2375 illud
903 2367 913 2382 ‚
941 2339 959 2375 a
972 2352 1043 2386 quo
1058 2340 1105 2375 est
1138 2344 1251 2385 prima
1269 2352 1323 2376 ra-

364 2396 417 2431 tio
435 2392 670 2440 possibilitatis
684 2394 716 2426 in
733 2389 860 2435 lapide.
875 2389 1041 2424 Probatio
1059 2389 1235 2435 affumpti5
1251 2391 1320 2435 pos

364 2443 461 2480 sibile
476 2440 664 2480 secundum
680 2439 774 2487 quod
789 2439 837 2475 est
853 2443 1023 2475 terminus
1039 2466 1049 2482 ,
1074 2439 1322 2484 velobjefftum

363 2494 652 2539 omnipotentia,
676 2488 724 2525 est
743 2487 852 2531 illud,
879 2494 935 2524 cui
951 2500 1017 2525 non
1033 2498 1203 2534 repugnat
1230 2492 1293 2536 este
1311 2503 1323 2533 ς

363 2544 399 2579 8<
411 2542 506 2589 quod
521 2553 586 2576 non
602 2538 716 2586 potest.
729 2550 774 2575 ex
787 2539 816 2574 se
831 2538 895 2574 effe
909 2538 1098 2575 necessario
1115 2539 1228 2587 :lapis
1242 2551 1325 2585 pro-

364 2592 495 2628 duetus
509 2594 542 2627 in
557 2590 623 2636 effe
635 2589 847 2634 intelligibili
862 2589 906 2623 ab
919 2587 1098 2624 intellee‘tu
1115 2588 1248 2632 divino,
1262 2589 1323 2624 ha-

364 2643 425 2677 bet
438 2641 498 2676 ista
515 2651 560 2675 ex
578 2640 609 2674 fe
623 2639 840 2680 formaliter3
867 2638 944 2672 cum
961 2637 1021 2672 sibi
1039 2650 1100 2672 nec
1129 2640 1192 2686 este
1216 2650 1321 2685 repu-

362 2698 450 2738 gnet
466 2717 476 2732 ,
488 2701 549 2724 nec
562 2688 625 2725 effe
636 2696 742 2734 queat
755 2699 801 2723 ex
814 2687 845 2723 se
862 2688 1070 2728 necesl‘ari05
1096 2691 1205 2733 igitur
1216 2688 1263 2724 est
1276 2700 1323 2723 ex

362 2742 393 2777 se
411 2739 605 2775 formaliter
615 2736 778 2783 possibilis
791 2764 801 2779 ‚
822 2737 856 2771 &
869 2737 963 2784 quasi
989 2738 1234 2783 principiative
1262 2750 1324 2784 per

363 2788 774 2830 intelleElumdivinum3
795 2788 1051 2834 omnipotentia
1068 2788 1179 2833 igitur
1193 2791 1223 2822 in
1242 2787 1324 2823 Deo

361 2852 431 2875 non
445 2837 496 2875 est
510 2838 567 2872 illa
585 2839 740 2883 potentia
757 2863 767 2877 ,
795 2848 864 2883 qua
880 2836 927 2872 est
941 2841 1104 2884 potentia
1129 2835 1257 2882 paisiva
1290 2841 1324 2872 in

362 2897 524 2925 creatura
538 2913 550 2929 ‚
577 2890 649 2921 imo
661 2885 730 2920 haec
744 2889 903 2931 potentia
919 2886 1148 2932 praesupponit
1163 2886 1324 2932 poffibili-

362 2938 541 2980 tatem‚seu
556 2940 752 2982 potentiam
766 2936 940 2981 passivam
961 2939 994 2969 in
1010 2945 1183 2978 creatura,
1200 2947 1267 2982 qua
1283 2935 1325 2971 {i-

364 2989 399 3023 bi
413 3000 478 3023 non
493 2995 669 3031 repugnat
685 2984 751 3029 effe
766 2987 867 3021 realis
881 2983 1079 3020 existentias.
1094 2984 1229 3020 Rursus
1242 3013 1252 3027 ‚
1265 2998 1325 3032 po-

363 3041 474 3075 tentia
488 3036 608 3071 :it-'tiva
622 3062 633 3077 ,
659 3045 735 3081 quae
745 3032 795 3069 est
810 3035 1066 3080 omnipotentia
1095 3033 1158 3070 dat
1169 3035 1236 3081 effi?
1248 3035 1325 3069 fim-

365 3086 557 3134 pliciterilli
576 3113 586 3128 ‚
602 3088 695 3119 circa
707 3084 802 3131 quod
821 3085 1005 3127 versatum
1030 3084 1077 3120 est
1092 3086 1184 3120 enim
1204 3096 1325 3130 poten-

365 3139 414 3171 tia
431 3134 641 3180 produfliva
655 3136 702 3169 rei
720 3133 762 3168 ad
776 3144 891 3169 extra:
905 3132 977 3168 Sed
992 3144 1072 3170 ante
1083 3145 1227 3168 omnem
1241 3147 1325 3181 pro-

365 3185 567 3220 duetionem
583 3195 700 3218 rerum
715 3183 758 3217 ad
772 3193 933 3226 extra‚ea
943 3192 1043 3218 erant
1053 3183 1328 3229 possibiliataliO.

363 3239 446 3282 quin
462 3237 645 3280 incapacia
659 3233 798 3269 fuissent
825 3233 1017 3279 recipiendi
1048 3232 1114 3267 esse
1133 3232 1325 3268 existentias

364 3285 491 3320 realis:
521 3295 589 3318 riori
604 3286 712 3329 igitur
728 3283 896 3329 perillam
915 3285 1202 3329 potentiam‚qua
1218 3282 1324 3318 Deus

363 3333 414 3370 est
430 3337 660 3379 omnipotens
677 3359 689 3375 ‚
721 3330 770 3367 cst
786 3342 842 3368 res
860 3334 926 3369 alia
940 3332 960 3368 a
982 3332 1067 3370 Deo
1085 3336 1200 3379 primo
1215 3332 1324 3379 possi-

365 3383 442 3418 bilis
457 3410 466 3417 .

415 3431 730 3480 Qemadmodum
747 3432 853 3476 igitur
868 3432 912 3466 ab
926 3430 1045 3466 aftiva
1062 3430 1133 3467 Dei
1163 3431 1326 3476 potentia

364 3494 431 3519 non
447 3482 557 3517 habet
570 3481 747 3528 objebtum
761 3506 772 3521 ‚
787 3482 882 3527 quod
899 3479 937 3516 fit
952 3485 1064 3527 primo
1083 3480 1254 3527 possibile,
1270 3479 1327 3516 sed

364 3544 426 3578 per
455 3530 664 3566 intellcftum
690 3529 850 3565 divinum
894 3530 1142 3576 producentem
1188 3530 1271 3565 illud
1295 3535 1328 3565 in

364 3582 430 3626 effe
460 3580 693 3625 intelligibili:
719 3579 736 3625 (
760 3580 821 3625 qui
862 3579 934 3614 sane
964 3579 1157 3615 intelieelus
1189 3591 1255 3614 non
1281 3578 1328 3615 est

367 3631 484 3665 at‘tiva
503 3633 661 3675 potentia
673 3655 683 3671 ‚
698 3640 768 3674 qua
782 3628 884 3664 Deus
902 3627 949 3663 est
961 3629 1213 3676 omnipotens)
1226 3633 1326 3664 exin-

367 3680 409 3713 de
425 3684 514 3714 enim
542 3690 607 3713 non
631 3688 803 3726 repugnat
817 3676 981 3724 fibieffivz
1007 3689 1054 3713 ex
1080 3678 1110 3713 se
1127 3682 1248 3725 nequit
1273 3690 1328 3714 ne·

364 3727 506 3763 ceffario
517 3728 582 3769 effe
596 3753 609 3769 ‚
636 3740 676 3762 ac
692 3736 881 3774 propterea
898 3726 1137 3774 estobjeflum
1165 3733 1327 3775 potentiae

369 3776 496 3817 aEtivae
511 3774 938 3826 Deiiilipraesuppofitum
957 3788 1020 3828 per
1051 3776 1169 3814 aetum
1194 3778 1325 3816 intelle-

886 164 934 233 S
936 184 1149 233 ummoe
1149 164 1196 246 J
1197 160 1413 229 oannis
1435 162 1609 231 Duns
1629 162 1677 229 S
1680 165 1796 230 coti
1810 212 1827 228 .

1393 258 1495 293 Etus:
1521 257 1570 291 ita
1585 267 1647 292 nec
1660 257 1919 302 impossibilitas
1940 253 1987 290 est
2000 252 2119 302 primo
2130 256 2330 301 accipienda
2345 259 2359 296 .“

1394 308 1445 342 seu
1459 305 1607 352 petenda
1622 316 1667 340 ex
1681 315 1783 351 parce
1796 307 1888 342 Dei:
1906 309 1979 340 imo
2000 305 2273 353 unumquodque
2291 311 2352 340 im·

1392 355 1604 404 possibilium
1629 354 1677 389 est
1700 355 1770 390 tale
1800 365 1946 402 propter
1972 359 2239 401 repugnantiam
2266 355 2355 402 ejus,

1394 417 1433 442 ut
1452 404 1513 440 fiat
1533 430 1542 440 .
1570 404 1788 451 Simpliciter
1799 409 1889 440 enim
1916 405 2121 451 impossibile
2137 405 2290 440 involvit
2306 409 2352 438 in-

1393 453 1678 500 compossibilia,
1697 465 1772 500 quae
1797 455 1869 489 sunt
1893 453 1977 490 talia
2003 465 2049 488 ex
2076 454 2267 488 rationibus
2284 454 2350 489 suis

1392 504 1599 541 formalibus
1616 503 1671 538 2&
1688 504 1733 537 ab
1747 516 1790 540 eo
1801 504 1876 538 sunt
1894 504 2146 550 principiative
2160 503 2352 550 incompos-

1391 555 1514 597 sibilia,
1529 552 1546 589 τὶ
1561 564 1631 600 quo
1648 555 1897 600 princ÷p12tive
1911 556 2090 598 accipiunt
2103 552 2180 587 suas
2198 556 2353 588 rationes

1391 605 1556 641 formales
1583 629 1592 639 .
1621 602 1717 637 Nam
1731 601 1815 638 iicut
1830 602 1930 638 Deus
1946 601 2174 646 intelligendo
2191 600 2286 637 suam
2303 602 2352 638 es-

1390 657 1537 691 sentiam
1563 654 1595 687 in
1614 652 1760 687 secundo
1791 652 1905 698 signo,
1934 651 2098 701 producit
2130 650 2288 700 poffibiie
2318 655 2351 688 in

1391 704 1457 750 effe
1472 701 1639 749 possibili,
1660 706 1704 737 ita
1719 700 1882 747 producit
1895 702 1966 737 duo
1980 705 2072 738 entia
2089 704 2123 736 in
2136 700 2260 738 eodem
2277 702 2352 747 este,

1391 753 1520 798 quibus
1549 750 1732 798 produstis
1760 777 1771 793 ‚
1812 751 1969 797 exsurgit
1993 760 2117 786 mutua
2160 751 2352 797 incompos-

1392 802 1556 844 nbilitas,
1573 809 1610 836 ut
1627 808 1799 847 nequeant
1815 800 1913 836 simul
1926 800 1991 837 effe
2005 812 2112 836 unum
2125 827 2136 843 ‚
2161 813 2273 848 neque
2289 800 2352 835 ali-

1392 851 1488 900 quod
1502 855 1648 887 tertium
1662 861 1706 885 ex
1722 855 1774 886 eis
1786 876 1795 885 .
1826 851 1929 886 Hanc
1942 853 2053 897 igitur
2070 850 2351 898 incompossibili-

1392 910 1502 938 tatem
1520 926 1531 942 ‚
1547 911 1621 947 quae
1636 899 1717 935 inest
1734 898 1814 946 ipsis
1831 900 2028 936 formaliter
2040 927 2050 943 ‚
2081 911 2126 935 ex
2144 901 2173 936 se
2185 899 2263 947 ipfis
2277 899 2352 948 pos-

1391 950 1503 986 fiderit
1517 977 1527 993 ‚
1542 950 1575 984 8<
1592 951 1838 997 principiative
1848 949 1894 985 est
1908 951 1952 986 ab
1968 963 2012 986 eo
2028 953 2105 997 ,qui
2118 954 2242 986 extitit
2254 954 2350 996 prin-

1389 1004 1519 1049 cipium
1531 999 1784 1046 produttivum
1795 1000 1944 1035 duorum
1961 999 2164 1045 poffibilium
2180 1013 2189 1041 ς
2204 1000 2236 1035 8ε
2254 999 2354 1037 istam

1393 1048 1776 1096 incomposiibilitatem
1793 1076 1804 1092 ‚
1829 1061 1904 1097 quae
1936 1049 1984 1085 est
2000 1048 2188 1085 neceffaria
2219 1049 2353 1096 sequela.

1392 1100 1544 1135 duorum
1560 1098 1764 1145 possibilium
1779 1125 1789 1141 ‚
1817 1100 1897 1135 utie
1916 1110 2043 1134 mutuo
2056 1099 2270 1146 respiciunt,
2302 1101 2352 1139 se-

1390 1154 1513 1198 quitur
1532 1147 1785 1190 impossibilitas
1797 1151 1907 1184 totius
1924 1149 2081 1196 figmenti
2097 1175 2108 1192 ‚
2139 1148 2351 1185 includentis

1391 1211 1432 1235 ea
1449 1212 1459 1241 ς
1486 1197 1519 1232 8<
1532 1209 1577 1233 ex
1590 1196 1648 1233 ista
1664 1199 1944 1245 impossibilitate
1961 1199 2123 1245 figmenti
2140 1203 2173 1233 in
2186 1198 2217 1236 ie
2234 1225 2244 1239 ‚
2257 1198 2290 1234 8<
2301 1210 2349 1236 ex

1392 1248 1741 1294 incompossibiiitate
1761 1252 1911 1294 partium
1929 1249 2064 1284 suarum
2080 1275 2091 1290 ,
2116 1250 2269 1296 sequitur
2283 1251 2350 1284 im-

1392 1299 1600 1347 possibilitas
1612 1297 1690 1344 ejus
1704 1296 1859 1344 respeflu
1872 1298 2108 1346 cujuscunque
2127 1301 2264 1345 agentis
2277 1311 2288 1341 ς
2317 1298 2352 1334 &

1392 1360 1437 1385 ex
1457 1348 1523 1383 hoc
1535 1348 1733 1393 completur
1750 1357 1850 1384 totus
1872 1347 2354 1396 proeefl'usimpossibilitatis

1391 1396 1558 1445 rei‚quasi
1578 1399 1724 1431 ultimus
1741 1397 1872 1443 gradus
1887 1398 2179 1444 impossibilitatis
2192 1396 2230 1432 iit
2243 1411 2352 1444 nega-

1392 1451 1441 1485 tio
1454 1446 1633 1494 respefi'tus
1647 1446 1689 1481 ad
1705 1447 1938 1494 quodcunque
1952 1459 2058 1494 agens
2089 1460 2098 1482 ε
2124 1459 2188 1484 nec
2203 1458 2351 1494 oportet

1395 1498 1560 1543 effingere
1575 1496 1768 1543 re⁴pe5tum
1782 1497 1955 1544 quendam
1970 1500 2179 1543 negativum
2190 1509 2235 1533 ex
2249 1507 2349 1544 parte
2368 1510 2371 1513 ⁴

1395 1546 1492 1589 Dei,
1506 1557 1568 1581 nec
1587 1556 1632 1581 ex
1647 1555 1744 1589 parte
1758 1548 1987 1594 cujuscunque
2005 1549 2151 1583 alterius
2163 1574 2174 1588 ‚
2201 1559 2263 1582 nec
2279 1548 2351 1582 for-

1396 1596 1480 1632 tasse
1491 1595 1538 1631 est
1550 1595 1676 1641 aliquis
1693 1606 1740 1630 ex
1753 1606 1879 1631 natura
1897 1595 2026 1637 rei3etsi
2042 1596 2238 1632 intelleetus
2254 1608 2350 1631 com-

1395 1657 1519 1691 parare
1532 1654 1639 1691 queat
1656 1644 1777 1680 Deum
1791 1671 1800 1686 ‚
1815 1654 1877 1680 aut
1893 1645 2033 1692 aliquod
2049 1657 2158 1688 agens
2171 1646 2213 1682 ad
2227 1645 2352 1692 impos-

1392 1694 1500 1732 sibilia
1519 1721 1528 1737 ,
1547 1694 1603 1728 sub
1620 1695 1807 1740 negatione
1824 1695 1998 1739 respeetus
2016 1721 2024 1729 .
2052 1693 2107 1730 Ex
2122 1695 2174 1729 liis
2189 1695 2352 1742 igiturli·

1392 1755 1499 1794 quet,
1526 1744 1680 1791 qualter
1693 1744 1952 1789 impossibilitas
1971 1748 2081 1791 prima
2099 1744 2146 1781 est
2156 1745 2351 1780 formaliter

1394 1808 1442 1833 ex
1468 1804 1569 1843 parte
1598 1793 1932 1840 incompossibilium
1944 1823 1954 1838 ‚
1976 1794 2009 1829 8<
2043 1796 2288 1842 principiative
2328 1795 2350 1831 i

1394 1846 1501 1887 Deo3
1535 1843 1580 1880 Et
1595 1847 1758 1890 quamvis
1778 1843 1967 1880 reducatur
1992 1845 2035 1880 ad
2052 1846 2260 1891 principium
2287 1856 2352 1881 exv

1395 1895 1580 1932 trinsecum
1595 1921 1605 1937 ‚
1631 1903 1786 1928 attamen
1805 1906 1871 1928 non
1888 1893 1935 1930 est
1949 1893 2144 1941 putandum
2160 1895 2193 1930 id
2210 1895 2276 1931 eise
2294 1908 2356 1933 ne·

1395 1949 1571 1992 gationem
1587 1970 1597 1985 ‚
1621 1942 1860 1979 veldefet‘ftum
1876 1945 2040 1990 potentiae
2057 1944 2184 1981 attivae
2200 1949 2229 1980 in
2244 1946 2351 1990 Deog

1395 1999 1468 2031 imo
1483 1996 1517 2030 id
1533 1995 1738 2042 principium
1756 1992 1850 2029 aliud
1866 1993 1932 2030 esse
1951 1997 2094 2041 nequit,
2121 1995 2227 2041 quam
2246 1996 2353 2030 intel-

1393 2045 1506 2081 leEtus
1519 2044 1659 2080 divinus
1674 2070 1684 2085 ‚
1698 2045 1910 2091 principians
1924 2045 2135 2091 impossibile
2149 2049 2181 2080 in
2193 2045 2250 2079 illo
2267 2047 2332 2092 este
2343 2072 2355 2089 ‚

1391 2099 1426 2131 in
1441 2107 1512 2142 quo
1525 2103 1641 2139 partes
1655 2094 1731 2141 ejus
1748 2093 1940 2129 formaliter
1963 2105 2184 2141 repugnant,
2210 2105 2353 2140 propter

1390 2157 1497 2192 quam
1511 2143 1693 2178 formalem
1720 2148 1994 2189 repugnantiam
2022 2153 2139 2180 totum
2168 2154 2214 2179 ex
2226 2147 2276 2178 eis
2301 2144 2350 2183 est

1390 2194 1592 2240 simpliciter
1606 2194 1815 2239 impossibile
1834 2207 1844 2234 ;
1872 2193 1997 2228 &ideo
2011 2194 2191 2230 verissime
2209 2193 2293 2230 nihil
2320 2195 2355 2229 &

1393 2248 1427 2280 in
1443 2242 1623 2278 intellefftu
1639 2269 1650 2285 ‚
1665 2243 1695 2278 8<
1712 2253 1818 2278 extra
1837 2242 2075 2286 inteileftum,
2102 2252 2144 2279 ut
2155 2241 2291 2280 duflum
2305 2242 2355 2281 est

1392 2299 1432 2331 in
1448 2294 1600 2328 articulo
1612 2293 1830 2339 praecedenti
1841 2318 1851 2327 .

1445 2344 1506 2380 An
1523 2345 1783 2379 ARGUMENTA
1799 2369 1807 2378 .
1824 2341 1881 2377 Ad
1898 2346 2050 2389 primum
2067 2341 2349 2391 ,respondeoficz

1390 2393 1486 2430 a'c‘tio
1505 2405 1572 2428 non
1589 2391 1637 2428 est
1652 2392 1751 2427 causa
1768 2392 1937 2438 passionis
1949 2419 1960 2436 ,
1990 2393 2046 2428 sed
2064 2396 2179 2439 magis
2191 2392 2240 2429 est
2254 2392 2353 2428 fimul

1392 2454 1517 2479 natura
1532 2454 1613 2477 cum
1630 2454 1669 2478 ea
1685 2455 1695 2483 ς
1712 2453 1821 2488 agens
1835 2451 1952 2478 autem
1966 2442 2015 2479 est
2031 2444 2129 2479 causa
2143 2442 2242 2488 ejus,
2257 2442 2352 2489 quod

1392 2505 1454 2539 per
1471 2492 1579 2539 ipsum
1607 2492 1812 2538 producitur
1829 2518 1840 2533 ‚
1868 2504 1909 2527 ac
1920 2493 2067 2538 passioni
2101 2492 2350 2534 substernitur3

1393 2542 1464 2579 Sed
1479 2542 1572 2589 quod
1588 2540 1630 2576 ad
1645 2540 1856 2587 impossibiie
1884 2541 1974 2577 nulia
1993 2541 2032 2578 fit
2042 2541 2135 2578 aetio
2151 2569 2162 2585 ,
2185 2554 2251 2577 non
2265 2553 2351 2578 eve-

1391 2597 1441 2629 nit
1458 2620 1468 2633 ,
1494 2596 1576 2639 quia
1603 2592 1694 2626 nulla
1710 2595 1861 2638 potentia
1877 2592 2072 2636 reperiatur
2085 2591 2172 2627 adeo
2201 2602 2327 2639 potens
2339 2617 2353 2634 ,

1392 2642 1444 2679 sed
1458 2645 1540 2689 quia
1558 2651 1605 2676 ex
1617 2640 1646 2676 se
1660 2650 1779 2689 partes
1811 2639 1915 2687 ipsius
1931 2639 1994 2678 fint
2006 2641 2201 2677 formaliter
2215 2644 2351 2678 incom-

1392 2692 1589 2740 possibiles.

1443 2741 1500 2778 Ad
1515 2738 1698 2777 secundum
1714 2740 1899 2777 dicendum
1912 2767 1922 2782 ‚
1950 2740 2072 2777 Deum
2097 2739 2181 2775 dare
2192 2752 2259 2776 non
2279 2740 2355 2788 pos·

1392 2793 1423 2828 se
1453 2794 1690 2838 capacitatem
1717 2792 1826 2827 nihilo
1853 2789 2042 2836 recipiendi
2074 2791 2226 2838 aliquam
2242 2791 2355 2836 perfe-

1393 2842 1566 2878 fstionem:
1587 2843 1669 2887 quia
1702 2851 1748 2875 ex
1766 2842 1832 2876 hoc
1848 2839 2144 2886 evidenteripsum
2172 2840 2256 2875 nihil
2285 2842 2349 2876 ali-

1392 2890 1477 2939 quid
1508 2890 1611 2927 esset:
1636 2901 1866 2927 veruntamen
1893 2902 1934 2925 ea
1950 2902 2017 2926 non
2042 2889 2089 2926 est
2113 2892 2225 2936 prima
2245 2895 2353 2934 ratio,

1391 2941 1448 2978 sed
1464 2940 1575 2986 magis
1598 2943 1681 2987 quia
1692 2939 1739 2975 est
1755 2940 1909 2976 absolute
1938 2944 2090 2985 incapax
2116 2939 2279 2986 ejusmodi
2296 2952 2354 2977 ca-

1394 2994 1565 3038 pacitatis
1582 2990 1810 3033 recipiendae:
1825 2998 1862 3024 at
1878 2989 1949 3025 haec
1959 2989 2083 3024 eadem
2096 2992 2191 3024 ratio
2205 2991 2353 3027 ulterius

1389 3039 1575 3077 reducitur
1587 3039 1631 3074 ad
1642 3037 1823 3075 formalem
1840 3041 2108 3086 repugnantiam
2123 3042 2274 3086 partium
2286 3067 2297 3082 ‚
2319 3041 2354 3077 &

1390 3090 1540 3135 denique
1556 3087 1603 3125 ad
1619 3088 1834 3125 inteliettum
1846 3089 2004 3125 divinum
2016 3115 2027 3131 ‚
2040 3089 2149 3126 veluti
2163 3090 2207 3125 ad
2218 3094 2354 3127 extrin-

1390 3140 1509 3179 secum
1527 3142 1736 3186 principium
1752 3165 1761 3175 .

1557 3235 2071 3278 ARTICULUS
2124 3239 2185 3275 V.

1461 3335 1593 3372 Utrum
1614 3336 1714 3373 Deus
1730 3338 1835 3386 possit
1847 3337 1961 3373 facere
1973 3366 1984 3381 ‚
1997 3351 2073 3387 quae
2086 3351 2156 3375 non
2170 3340 2274 3378 facit.

1450 3435 1589 3474 {votior
1611 3447 1636 3471 r.
1649 3436 1727 3484 dist.
1744 3437 1775 3472 8.
1790 3436 1937 3485 φὰψ-ς.
1954 3438 1993 3479 ἐς·
2006 3438 2189 3486 dzst.38.&'
2203 3452 2257 3486 39.
2269 3440 2309 3474 in

1526 3486 1676 3533 Report.
1695 3498 1720 3523 ι.
1731 3487 1852 3534 dzstin.
1865 3498 1923 3536 43.
1937 3488 2048 3536 quaest.
2063 3501 2094 3524 2.
2108 3489 2147 3529 (ἶς’
2160 3501 2222 3535 44.

1608 3538 1649 3574 S.
1669 3537 1788 3574 Thom.
1809 3548 1923 3585 r.par.
1939 3538 2051 3587 quast.
2070 3549 2088 3573 2
2095 3550 2126 3585 ς.

1771 3589 1926 3625 articulo
1944 3600 1975 3635 5.

1400 3683 1502 3772 V
1518 3683 1727 3722 IDETUR
1743 3685 1847 3722 Deus
1862 3686 1954 3721 haud
1969 3686 2084 3721 facer·
2095 3685 2187 3730 pofl‘e
2197 3699 2273 3735 quae
2286 3698 2353 3723 non

1529 3735 1639 3771 facit.
1671 3734 1808 3771 Etenim
1824 3747 2035 3781 quaecunque
2062 3736 2163 3772 Deus
2186 3748 2356 3784 operatus

1399 3784 1469 3828 est,
1499 3786 1620 3833 utique
1632 3784 1716 3822 facit
1731 3784 1916 3823 secundum
1939 3784 2206 3823 condecentiam
2218 3788 2357 3832 bonitaq

2260 3840 2308 3873 tis

2433 585 2502 614 Sunt
2549 584 2606 614 ἢκ

2397 623 2594 660 accipienda-2

2395 661 2605 698 wnadffla⁴

2395 699 2425 728 ιή
2445 700 2605 738 praeceden-

2394 736 2419 765 ti
2452 737 2569 767 articulo
2594 755 2606 771 ,

2393 776 2421 803 δε
2456 774 2522 803 alibi
2568 784 2604 805 ex

2393 813 2571 852 Quartilla-3·

2395 3710 2422 3731 x·
2431 3700 2595 3741 dist-4641,
