2583 4109
1021 127 1134 190 (L)

805 248 912 326 R.
1034 245 1113 323 P.
1232 246 1308 324 F.

200 396 1938 519 JOANNISDUNS

98 555 104 559 “
616 553 1492 695 SCOTI

379 743 1103 832 DOCTORIS
1170 742 1760 825 SUBTILIS

520 922 991 988 oRD1Nis
1059 919 1611 988 MiNoRUM

695 1055 1461 1170 VITA

918 1234 973 1276 A.
1034 1235 1090 1276 R.
1158 1234 1203 1275 P:

362 1334 429 1398 F.
523 1325 912 1394 LUCA
1007 1325 1774 1394 VVADINGO

244 1456 450 1548 lnsuis
482 1449 810 1519 annalibus
828 1498 844 1525 ‚
884 1446 1068 1515 Tomo
1086 1452 1270 1518 tertio
1289 1500 1305 1527 ,
1335 1453 1519 1519 Anno
1545 1449 1884 1519 MCCGW.

537 1544 626 1613 Et
646 1549 828 1615 Anno
847 1542 1092 1611 MCCC
1099 1544 1151 1610 V
1149 1546 1247 1610 111.
1267 1544 1590 1634 descripta.

366 1675 447 1741 Et
467 1670 545 1740 ab
569 1669 799 1737 eodem
818 1692 931 1759 per
948 1668 1120 1734 varia
1141 1669 1374 1760 Capita
1393 1670 1724 1738 distributa
1741 1713 1757 1738 ι

694 1797 951 1906 Caufh
977 1793 1395 1902 scribendi.

662 1943 975 1986 CAPUT
1034 1943 1449 1987 PRIMUM.

354 2065 366 2078 η
409 2069 479 2093 ,ἱ
538 2034 665 2079 Elices
691 2033 766 2076 viri
797 2032 955 2088 magni,
986 2030 1219 2075 siinvidiam
1251 2047 1334 2076 non
1367 2029 1591 2076 conflarent
1617 2046 1626 2072 ε
1653 2040 1696 2073 ut
1723 2031 1869 2087 pestem
1897 2032 1999 2073 hanc
2024 2030 2084 2074 su·-

402 2097 481 2157 ,ἒξ
541 2096 675 2152 giant,
698 2093 860 2135 miseros
892 2092 964 2134 esse
979 2104 1143 2148 oportet
1170 2124 1180 2135 .
1206 2096 1297 2136 Sola
1326 2092 1639 2136 miset-iainvidia
1671 2101 1779 2133 caret
1805 2123 1814 2131 .
1845 2092 2083 2135 Percurre)

454 2163 461 2176 ⁷
542 2156 678 2196 animo
708 2165 833 2194 terras
861 2165 1002 2194 omnes
1019 2182 1031 2203 ,
1059 2151 1192 2195 saecula
1220 2154 1417 2208 praeterita
1434 2183 1445 2204 ,
1474 2154 1631 2195 cunetas
1659 2151 1834 2193 historias
1861 2153 2043 2195 evolve)
2067 2181 2078 2202 ‚

368 2211 433 2267 ,“
478 2259 483 2275 ⁴
544 2215 610 2257 vix
641 2214 837 2268 insignem
870 2213 1002 2254 virum
1036 2215 1143 2254 malo
1176 2216 1254 2255 hoc
1285 2214 1508 2255 immunem
1541 2212 1712 2266 reperies
1745 2241 1755 2251 .
1794 2212 1872 2252 Iter
1899 2209 2083 2252 facientes

369 2274 380 2317 i
409 2275 435 2323 “i
460 2285 483 2303 ·²
543 2288 615 2331 per
657 2271 778 2314 solem
808 2301 819 2322 ,
863 2272 1075 2314 necessario
1100 2273 1315 2314 comitatur
1341 2272 1524 2321 umbra3
1565 2268 1837 2313 incedentibus
1879 2284 1950 2325 per
1995 2272 2082 2326 glo-

298 2329 302 2336 ’
415 2378 431 2387 ,,
460 2366 485 2390 ,Ι
545 2334 672 2382 riam,
696 2346 831 2374 comes
863 2331 1009 2373 invidia
1036 2364 1046 2373 .
1075 2333 1267 2373 Praeclara
1299 2331 1419 2386 igitur
1450 2329 1652 2380 facinora,
1677 2333 1795 2372 &res
1815 2330 2082 2385 aquopiam

176 2421 258 2447 *m
286 2419 318 2443 ,a
349 2396 358 2405 ²
543 2391 702 2448 egregie
728 2392 841 2446 gestae
874 2405 1065 2447 magnum
1113 2392 1351 2447 plerumque
1393 2391 1588 2442 livorem,
1618 2393 1658 2432 δε
1688 2403 1827 2446 graves
1868 2391 2079 2431 calumnias

37 2451 212 2500 conflare
244 2451 394 2502 solent,
422 2462 541 2506 atque
573 2451 629 2494 ob
655 2453 694 2493 id
723 2464 891 2506 magnos
921 2452 1084 2506 legimus
1110 2452 1312 2493 interdum
1340 2451 1450 2493 viros
1479 2479 1490 2500 ‚
1536 2461 1579 2492 ut
1618 2446 1740 2492 securi
1772 2450 1956 2491 viverent
1984 2479 1996 2499 ,
2037 2451 2079 2490 δε

41 2519 226 2560 virtutem
250 2513 300 2553 ad
329 2523 510 2567 tempus,
540 2514 580 2553 δε
605 2511 811 2568 ingenium
837 2510 1042 2552 occultasse
1059 2542 1068 2551 .
1088 2510 1252 2564 „sommas
1268 2513 1414 2554 Scorus
1444 2511 1505 2553 vir
1533 2509 1683 2566 probus
1699 2539 1710 2560 ‚
1739 2509 1882 2550 virtute
1910 2510 2078 2563 integra,

37 2572 218 2619 dostrina
251 2571 461 2627 singulari,
493 2571 702 2614 sublimem
727 2572 898 2626 gloriam
940 2570 1123 2612 assecutus
1153 2601 1165 2622 ,
1204 2581 1356 2613 certam
1379 2575 1482 2613 hanc
1507 2579 1690 2626 expertus
1725 2569 1779 2611 est
1819 2571 1930 2611 malae
1968 2568 2077 2611 sociae

8 2677 10 2679 ,
37 2635 234 2691 sequelam
251 2661 262 2682 ‚
291 2646 340 2673 ne
365 2633 469 2673 inter
495 2631 624 2674 bonos
651 2631 858 2673 bonorum
886 2629 1035 2672 sortem
1058 2629 1262 2673 videretur
1287 2629 1474 2685 superasse
1493 2660 1502 2670 .

97 2698 146 2738 11.
179 2693 354 2747 Qidem
369 2691 592 2743 liberioris,
621 2705 744 2747 quam
761 2705 831 2745 par
844 2701 952 2741 erat,
979 2691 1147 2740 calami,
1162 2689 1340 2746 gloriose
1357 2699 1568 2745 vagantem
1584 2686 1796 2731 obscurare
1812 2718 1823 2739 ‚
1847 2689 2081 2745 &compri-

38 2754 257 2799 mereillius
275 2751 424 2793 famam
456 2761 684 2801 tentarunt3
717 2750 782 2793 sed
814 2750 926 2792 tarde
958 2750 1074 2791 nimis
1092 2779 1104 2800 ,
1130 2748 1346 2805 possidente
1362 2748 1531 2791 sinceros
1565 2750 1721 2792 animos
1748 2763 1862 2802 aequo
1890 2759 1981 2790 ante
2009 2750 2079 2790 ali-

40 2826 139 2870 quot
152 2812 440 2866 saeculajudicio
467 2843 477 2853 .
502 2813 562 2853 Ut
573 2812 670 2853 tanti
686 2812 760 2853 viri
776 2824 853 2864 ego
869 2808 1118 2852 consulerem
1152 2811 1325 2860 honori,
1350 2809 1641 2852 detrastoribus
1671 2823 1720 2850 eo
1749 2809 1870 2850 animi
1900 2809 2077 2851 candore

39 2872 333 2918 occurrendum
360 2872 452 2912 duxi
484 2899 496 2922 ,
537 2881 580 2913 ut
603 2872 673 2913 illis
701 2869 923 2919 inoffensis,
946 2870 1030 2911 suus
1057 2871 1179 2912 Scoro
1207 2880 1364 2910 maneat
1393 2873 1521 2911 honos
1540 2899 1552 2920 ,
1576 2871 1615 2911 δι
1642 2867 1786 2922 absque
1826 2869 2028 2922 calumniis
2066 2897 2077 2917 ,

39 2934 241 2978 calumniae
266 2930 496 2973 refellantur
524 2944 533 2970 :
560 2945 690 2985 neque
712 2931 820 2972 enim
855 2931 1016 2971 illorum
1057 2930 1252 2984 vituperio
1283 2959 1294 2979 ,
1330 2927 1394 2970 sed
1424 2929 1534 2983 hujus
1564 2929 1666 2970 laudi
1695 2929 1856 2978 studeo,
1884 2928 1990 2984 cujus
2018 2929 2076 2969 vi-

38 3006 120 3036 tam
144 2991 294 3036 sincere
309 2990 556 3033 scribendam
572 3019 583 3040 ,
607 3004 689 3032 non
706 2992 944 3032 aemulorum
958 2990 1089 3031 ulcera
1103 2988 1281 3031 acerbius
1295 2988 1472 3030 fricanda
1487 2989 1526 3030 in
1544 2989 1722 3030 animum
1753 2988 1887 3029 induxi
1917 3019 1927 3028 .
1955 2988 2074 3029 Tanti

40 3054 113 3099 viri
130 3054 252 3094 decor
267 3050 498 3092 abaliorum
513 3051 710 3091 dedecore
724 3064 806 3090 non
821 3050 994 3104 pendet,
1026 3062 1156 3102 neque
1186 3051 1347 3090 illorum
1373 3049 1593 3104 ignominia
1619 3049 1873 3104 ingeniorum
1903 3047 2074 3089 Phaenici

40 3113 259 3168 quidquam
287 3111 445 3152 aduehit
471 3111 709 3151 excellentiae
741 3141 750 3150 .
778 3111 922 3151 Scorus
951 3108 1063 3163 supra
1090 3111 1259 3150 omnem
1291 3110 1480 3150 invidiam
1514 3109 1591 3157 eff,
1618 3108 1869 3149 aemulatoriae
1917 3118 2071 3147 mentes

38 3173 96 3214 uti
109 3171 287 3214 invidere
303 3169 481 3225 possunt,
507 3169 570 3211 sed
588 3183 734 3211 nocere
755 3183 836 3210 non
866 3167 1020 3223 possunt
1049 3182 1058 3208 :
1086 3168 1138 3208 ita
1164 3166 1446 3224 fitlgentiffimo
1474 3166 1603 3225 syderi
1634 3167 1756 3209 nubes
1787 3178 2043 3221 opponuntur
2062 3196 2073 3217 ,

41 3232 105 3276 sed
120 3245 202 3273 non
217 3231 502 3283 imponuntur3
533 3232 573 3270 ὃ(
598 3230 694 3270 dum
725 3229 1005 3277 discutiuntur,
1032 3229 1216 3283 ingenitae
1248 3229 1322 3269 luci
1353 3229 1449 3269 nihil
1476 3226 1626 3269 accedit
1657 3228 1840 3269 claritatis
1870 3257 1879 3266 .
1909 3228 1974 3267 Sol
2004 3227 2073 3266 ali-

42 3292 202 3346 quando
215 3289 390 3338 laborat,
413 3288 476 3329 sed
493 3286 560 3329 sub
589 3287 669 3342 ipso
681 3289 778 3330 nitet
806 3287 968 3336 labore3
999 3288 1154 3341 semper
1178 3288 1310 3337 idem,
1337 3286 1415 3330 sive
1445 3287 1713 3341 constipentur
1731 3287 1828 3326 aeris
1858 3284 2074 3339 passiones,

40 3351 117 3394 (ive
143 3349 372 3403 dissipentur
399 3379 409 3389 .
435 3348 571 3402 Qalis
598 3350 728 3402 itaque
754 3347 873 3389 suerit
897 3349 1038 3390 Sem-us
1072 3346 1394 3401 fulgenriffinmm
1421 3347 1596 3400 pietatis,
1620 3349 1659 3387 &
1704 3345 1892 3399 sapientiae
1932 3345 2072 3396 jubar,

41 3423 122 3453 non
139 3411 297 3464 qualem
312 3422 404 3450 eum
420 3408 581 3460 quidam
595 3407 810 3448 cfformant
828 3437 838 3456 ‚
865 3405 925 3448 seu
937 3406 1192 3456 deformant,
1222 3405 1322 3448 serio
1340 3405 1560 3447 describam
1586 3420 1594 3446 ι
1624 3405 1869 3459 &quidquid
1893 3405 1954 3455 alij
1988 3406 2072 3444 ἰῇ.)

39 3471 291 3523 quaestionem
304 3477 522 3515 vocarunt,
550 3466 965 3520 absT1uequaestionu1n
989 3468 1246 3507 contentione
1260 3467 1320 3507 vel
1346 3464 1487 3507 clarius
1514 3464 1747 3513 dissolvam,
1773 3465 1834 3504 vel
1863 3475 2071 3516 tamquam

40 3526 278 3584 probabilius
304 3540 502 3582 exponam
532 3557 540 3565 .
566 3527 694 3567 Patria
722 3555 733 3575 ,
774 3537 887 3576 aetas,
916 3540 1051 3574 mom,
1080 3529 1162 3566 haec
1190 3527 1272 3580 plus
1298 3525 1444 3566 caercris
1475 3524 1649 3574 incerta,
1678 3536 1806 3577 neque
1830 3524 1867 3563 in
1899 3524 1953 3563 his
2000 3537 2070 3562 nos

40 3589 256 3643 quidquam
271 3590 353 3642 plus
380 3587 474 3629 certi
501 3586 734 3635 statuemus,
763 3600 885 3641 quam
913 3585 1024 3639 quod
1058 3586 1180 3635 ratio,
1213 3585 1287 3626 sive
1311 3585 1524 3626 authoritas
1555 3585 1731 3639 ingenuis
1763 3583 1854 3624 viris
1882 3583 1973 3624 velit
1998 3581 2069 3622 esse

41 3647 278 3697 persuasum.

2126 2064 2208 2094 Viris
2224 2066 2331 2104 7715ng

2123 2108 2176 2143 osii
2191 2108 2337 2139 invident,

2119 2581 2219 2611 Scoms
2258 2591 2333 2622 qm-

2121 2626 2244 2668 tum'am
2262 2625 2331 2666 pas-

2113 2668 2162 2707 Jus
2175 2669 2330 2699 invidiam.
