2616 4109
623 108 840 175 Tamus
873 102 912 174 i.
929 103 1086 176 Pars
1109 107 1145 175 1.
1162 107 1426 203 ‚Quaestio
1441 106 1633 178 XLII.
1650 110 1787 179 Art.
1805 109 1895 177 Vl.

250 197 330 235 sitas
344 200 419 246 ejus
430 227 439 241 ‚
453 198 484 233 8<
503 205 762 238 manutenentia
777 227 787 242 ,
804 203 858 236 vel
870 202 1093 238 conservatio
1108 213 1202 240 crea·

252 258 440 284 tritarum:
465 253 724 296 circumscripta
750 254 1018 287 manutenentiae
1043 252 1200 295 ratione,

248 310 313 344 per
331 298 594 336 immensitatem
609 301 656 336 est
675 302 794 336 intime
810 301 944 345 presens
956 303 1049 335 omni
1061 309 1200 336 creatu·

247 358 293 380 rae
309 360 318 381 ε
335 353 424 383 citra
439 350 741 386 conservationem
758 361 878 386 earum
895 375 903 384 .
928 348 1061 384 Rursus
1077 349 1118 393 ‚si
1137 349 1198 384 fin-

245 408 357 443 gatur
382 401 485 432 unius
502 409 625 448 nature
649 412 729 435 cum
758 400 875 446 aliquo
904 397 1121 441 subfistente·‚
1140 403 1198 434 ciii

248 445 295 480 est
310 448 476 494 pi·ae¹'cn5‚
499 449 531 483 &
546 461 726 497 perquam
740 458 902 496 oporteat
927 447 1035 495 ipsum
1060 452 1111 484 ita
1134 446 1198 484 effe

247 497 459 542 praesentem,
476 503 543 533 erit
556 501 757 546 exemplum
772 497 1007 533 manuducens
1026 496 1071 533 ad
1089 502 1200 544 perci·

248 546 414 591 piendum
451 547 539 582 lianc
579 548 828 584 inexistentiam
851 560 861 588 3
890 546 922 582 δε
958 547 1027 582 alia
1064 547 1201 593 insuper

248 597 412 639 ext-mpla
435 607 599 633 annotata
616 597 940 643 suntinsolutione.

299 643 356 679 Ad
375 649 517 681 tertium
530 647 715 683 dicendum
727 675 736 690 ‚
757 649 979 692 Anaxagorae
994 649 1201 692 opinionem

244 693 329 729 nihil
343 705 526 731 commune
551 697 682 733 habere
697 707 775 731 cum
791 695 894 730 modo
907 720 918 736 ‚
944 707 1015 742 quo
1029 695 1133 732 Pater
1156 696 1206 732 est.

247 746 280 778 in
298 742 409 785 Filio,
430 745 462 779 8<
475 757 493 780 e
507 747 677 782 converso
689 772 698 781 .
721 745 784 780 lile
799 745 920 791 enim(
935 754 1039 791 prout
1062 744 1122 779 sibi
1138 750 1203 780 im-

247 796 399 840 ponitur
423 793 468 829 ab
493 794 680 832 Aristotele
695 795 712 842 )
727 794 1067 842 putabatquodlibet
1080 794 1145 831 effe
1167 797 1201 830 in

246 842 432 888 quolibet,
457 853 625 893 tanquam
643 846 717 893 ejus
735 852 872 890 partem
887 857 896 879 ε
910 843 964 879 sed
981 855 1047 880 una
1063 843 1202 880 divina-

246 903 324 926 rum
340 893 565 938 personarum
583 907 648 930 non
675 899 721 931 ita
736 892 828 930 estin
847 892 914 929 alia
928 920 938 936 ‚
953 902 992 928 ut
1004 893 1201 938 expositum

248 940 313 978 fuit
329 967 340 983 ‚
368 941 401 976 8(
428 942 515 980 ideo
542 946 635 981 nulla
654 945 805 992 sequitur
822 941 978 978 confuflo
1002 971 1011 980 .
1036 943 1092 979 Ad
1116 955 1202 979 con-

246 989 485 1028 firmationem
500 1006 547 1030 ex
561 993 749 1032 Aristotele
766 1021 776 1037 ,
787 992 972 1030 dicendum
986 1020 995 1034 ‚
1009 1002 1071 1028 aut
1083 993 1202 1029 falsum

246 1038 341 1082 effe,
371 1043 467 1090 quod
486 1043 704 1080 indivisibilia
717 1046 927 1092 quantitatis
956 1055 1021 1078 non
1047 1043 1122 1078 sunt
1155 1044 1206 1078 di-

244 1089 367 1126 stinEta
385 1105 395 1135 ς
423 1091 480 1128 nifi
501 1093 664 1130 differant
692 1092 753 1130 fitu
768 1121 778 1137 ‚
796 1101 857 1129 aut
872 1119 881 1134 ‚
910 1091 933 1126 si
950 1094 1017 1128 hoc
1031 1093 1205 1129 conceda-

244 1149 332 1183 ταῖς
352 1142 434 1176 nihil
461 1143 608 1190 proinde
651 1152 773 1179 contra
798 1143 1003 1178 solutionem
1027 1142 1204 1186 obtineri,

243 1201 326 1224 cum
356 1195 452 1227 ratio
487 1194 545 1231 illa
571 1207 637 1231 non
672 1201 844 1240 congruat
868 1192 999 1230 divinis
1028 1192 1203 1239 perionis,

240 1250 318 1286 quae
338 1241 384 1275 ab
400 1246 496 1277 omni
521 1244 586 1280 {itu
635 1244 710 1279 sunt
732 1241 917 1288 longiffime
943 1242 1146 1289 segregat&
1171 1243 1205 1279 &

241 1298 439 1336 propterea
451 1293 578 1341 absque
595 1293 657 1330 situ
672 1291 838 1329 distinam
851 1320 861 1328 .

288 1338 348 1375 Ad
366 1351 532 1385 quartum
561 1343 719 1390 neganda
746 1342 794 1378 est
817 1342 1065 1390 consequentiat
1081 1354 1091 1374 ε
1119 1342 1206 1378 ficut

239 1389 332 1424 enim
360 1388 383 1422 fi
401 1401 635 1437 argueretur:
661 1391 847 1439 Qicqui'd
864 1390 1027 1427 estfimiie
1044 1392 1201 1427 Socrati.

239 1436 291 1473 est
313 1436 420 1474 simile
433 1445 528 1476 omni
548 1441 691 1476 Socrati
706 1452 716 1474 τ
729 1452 818 1486 ergo
835 1438 884 1475 est
899 1439 958 1474 iibi
973 1440 1082 1476 simile
1098 1451 1106 1473 ε
1123 1451 1205 1475 con-

239 1486 419 1534 sequentia
436 1501 506 1526 non
528 1489 785 1525 resteinfertur
799 1515 810 1530 ‚
832 1489 916 1536 quia
944 1488 1136 1524 similitudo
1152 1500 1206 1524 re-

239 1539 349 1583 quirit
362 1545 522 1575 extrema
541 1539 684 1574 realiter
704 1537 868 1573 distincta
884 1551 891 1570 :
907 1541 956 1573 ita
975 1542 1108 1584 pariter
1123 1549 1204 1573 cum

240 1586 442 1633 applicatur
459 1600 500 1624 ea
526 1588 639 1623 forma
657 1587 826 1634 arguendi
849 1585 901 1622 isti
919 1588 1079 1623 relationi
1106 1599 1205 1622 com-

242 1639 343 1671 muni
367 1641 571 1685 importatae
599 1649 662 1685 per
686 1638 828 1673 modum
855 1635 984 1672 essendi
1006 1641 1109 1673 unius
1129 1648 1206 1683 pere

239 1685 324 1733 sone
342 1688 374 1722 in
389 1688 480 1730 alia;
504 1687 553 1724 est
566 1689 672 1734 igitur
685 1686 790 1722 Pater
813 1690 845 1721 in
876 1685 983 1728 Filio,
1006 1687 1059 1722 {ed
1085 1698 1150 1722 non
1169 1690 1200 1723 in

242 1734 278 1770 se
302 1735 394 1782 ipso,
416 1736 502 1772 ficut
529 1737 700 1773 Socrates
714 1736 762 1773 est
784 1735 900 1771 fimilis
917 1735 993 1771 aliis
1010 1735 1029 1771 ὲ
1045 1735 1207 1772 {edistiu-

246 1783 341 1826 δὲέκ,
367 1798 435 1822 nori
448 1785 509 1824 sibi
526 1813 534 1821 .
549 1786 677 1823 Forma
691 1794 808 1823 autem
828 1786 883 1820 illa
901 1784 1074 1831 arguendi
1091 1785 1206 1820 Philo·

247 1835 346 1880 sophi
366 1845 486 1878 tenet,
511 1838 594 1884 quia
619 1847 700 1879 aer,
714 1840 774 1884 qui
793 1836 943 1872 infertur
971 1834 1037 1872 esse
1051 1838 1085 1870 in
1097 1835 1207 1876 Caelo,

249 1885 475 1933 distinguitur
488 1885 508 1922 ὰ
521 1886 622 1922 Coeio
633 1913 642 1921 .

296 1935 356 1971 Ad
367 1934 674 1972 confirmationem
689 1963 699 1978 ‚
727 1936 888 1972 Hilarius
903 1963 914 1978 ‚
941 1948 973 1984 7.
1004 1936 1047 1970 de
1067 1935 1202 1971 Trinit-

245 1985 406 2021 concedit
432 1984 555 2021 Deum
577 1984 686 2021 effein
719 1985 805 2022 Deo
821 2014 829 2022 .
849 1985 921 2020 Sed
946 1997 1027 2020 cum
1047 1985 1206 2021 infertur:

246 2047 332 2084 ergo
350 2034 453 2071 Deus
469 2034 695 2082 distinguitur
717 2036 735 2070 a
752 2035 833 2071 Deo
845 2062 856 2078 ‚
881 2034 1044 2079 neganda
1065 2034 1112 2071 est
1128 2045 1206 2070 con-

243 2086 423 2134 sequentia
435 2110 446 2121 .
468 2084 564 2121 Cum
577 2088 667 2120 enim
684 2088 859 2129 accipitur
874 2110 885 2126 ,
900 2083 1001 2122 Deus
1014 2082 1108 2120 estin
1124 2084 1207 2121 Deo

246 2145 311 2173 tut
328 2134 430 2170 Deus
441 2142 586 2181 generat
602 2133 749 2178 Deum.
773 2135 824 2172 Τὰ
847 2134 946 2172 Deus
961 2135 1117 2181 supponit
1144 2147 1210 2181 pro

247 2185 396 2235 persona
418 2189 611 2231 gignente,
633 2195 738 2233 atque
769 2197 832 2234 pei·
851 2183 1209 2231 perfettiffimaman-

246 2240 443 2282 timamque
471 2233 683 2281 presentiam
708 2234 809 2269 alteri
836 2233 1045 2272 inexistente
1062 2247 1071 2276 3
1089 2233 1143 2268 sed
1174 2239 1209 2270 in

248 2285 473 2332 consequenti
499 2288 714 2331 importatur
740 2283 921 2321 distinctio
950 2283 1108 2321 Deitatis
1134 2283 1154 2320 ὲ.
1178 2286 1209 2320 se

249 2335 322 2387 ipsa
336 2360 349 2377 ,
372 2333 468 2382 quod
481 2332 529 2370 est
548 2333 752 2378 impoffibile
767 2361 778 2370 .

300 2383 360 2420 Ad
382 2385 543 2432 quintum
560 2410 573 2427 ‚
590 2383 719 2420 Exitus
731 2383 809 2420 Filii
824 2384 843 2421 a
858 2385 962 2422 Patre
975 2383 1024 2421 est
1042 2381 1211 2432 processio

250 2433 413 2483 produfti
429 2433 449 2470 a
467 2433 706 2481 producente:
726 2432 837 2471 stante
856 2444 974 2471 autem
990 2434 1049 2471 tali
1080 2434 1212 2481 proces-

249 2485 363 2526 fione,
388 2484 423 2520 8<
456 2487 584 2527 exitu,
608 2482 724 2519 adhuc
748 2489 871 2521 exiens
903 2493 1020 2520 manet
1044 2488 1077 2519 in
1099 2495 1165 2527 eo,
1191 2484 1212 2520 ἐι

248 2545 322 2584 quo
338 2533 498 2581 procedit
514 2560 526 2576 ‚
540 2535 623 2581 quia
634 2536 758 2582 recipit
784 2533 931 2570 eandem
948 2544 1111 2570 naturam
1129 2546 1211 2569 cum

250 2596 316 2628 eo,
341 2584 361 2622 ἐι
375 2596 446 2631 quo
464 2582 647 2631 procedit3
672 2584 705 2618 ἃ
727 2583 808 2619 ideo
825 2583 873 2620 est
903 2593 1052 2630 uterque
1072 2587 1212 2630 utrique

249 2637 375 2671 intime
387 2634 528 2682 praesens
543 2660 555 2676 ,
580 2632 614 2667 ἃ
629 2634 854 2670 manentibus
870 2634 1008 2670 realiter
1021 2632 1190 2670 distinssis
1202 2660 1214 2676 ‚

255 2697 346 2721 unus
361 2684 454 2721 estin
484 2683 554 2718 alio
571 2708 583 2725 ,
599 2683 707 2730 juxta
734 2681 942 2721 ineffabssem
971 2682 1074 2731 hujus
1099 2687 1213 2720 inexi-

254 2735 386 2772 stentiae
406 2732 575 2771 modum.

429 2831 929 2872 ARTICULUS
981 2833 1052 2870 VI.

331 2938 468 2975 Utrum
492 2932 602 2970 Filius
616 2933 806 2982 fitoequaiis
823 2933 921 2970 Patri
936 2931 1125 2969 secundum

627 2989 820 3032 potentiam
835 3010 845 3020 .

285 3086 431 3127 Dostor
446 3098 474 3121 i.
491 3084 567 3125 dist,
580 3098 636 3123 20.
648 3086 824 3132 utriusque
854 3084 969 3131 scripti
986 3102 997 3110 ο
1020 3080 1191 3132 Qodlib.

356 3149 414 3185 qu.
431 3137 464 3172 6.
480 3135 571 3182 §.De
583 3138 694 3173 tertio
707 3161 718 3177 ‚
717 3135 864 3181 scilicet
874 3135 918 3168 de
925 3132 1099 3181 potestate
1108 3161 1118 3171 .

435 3187 473 3223 S.
485 3186 619 3224 Thom.
639 3198 668 3226 i.
681 3194 772 3233 part.
788 3195 845 3232 qu.
856 3196 916 3231 42.
931 3193 1000 3220 art.
1012 3185 1045 3219 6.

379 3286 587 3323 IDETUR
602 3285 714 3321 Filius
730 3295 799 3320 non
813 3281 880 3320 esse
896 3282 993 3319 Patri
1010 3283 1155 3330 :equalis
1172 3284 1219 3319 se-

391 3336 542 3373 cundum
563 3336 776 3387 potentiam:
791 3334 886 3370 Nam
901 3332 1005 3370 Pater
1017 3333 1163 3380 eousque
1173 3333 1220 3369 est

264 3398 395 3437 potens
411 3415 423 3430 ‚
454 3398 493 3423 ut
510 3388 625 3422 valeat
647 3385 771 3421 Filium
785 3395 953 3430 generare
969 3396 980 3423 ς
1004 3385 1112 3428 igitur
1125 3383 1148 3417 fi
1164 3382 1220 3417 Fi·

262 3440 329 3476 lius
358 3446 556 3483 aequaretur
579 3434 640 3470 fibi
659 3438 690 3470 in
719 3438 878 3482 potentia
895 3459 905 3478 ,
925 3432 1060 3478 pariter
1088 3432 1120 3467 8<
1152 3431 1218 3479 ipse

262 3487 371 3538 poffet
386 3497 558 3535 generare
571 3511 580 3520 .
605 3484 717 3530 Atqui
734 3488 881 3530 gignere
900 3493 968 3516 non
984 3480 1094 3528 potest
1111 3483 1218 3517 alium

262 3538 393 3575 Filium
412 3538 551 3583 :igitur
569 3532 609 3569 sit
623 3543 765 3580 oportet
782 3533 884 3578 longe
903 3530 1041 3566 inferior
1059 3531 1160 3566 Patre
1172 3531 1220 3566 se-

263 3587 415 3623 cundum
430 3587 625 3633 potentiam
651 3609 659 3619 .
686 3582 856 3618 Probatio
882 3580 1156 3627 consequentiae:
1179 3579 1219 3614 si-

261 3637 402 3685 quidem
432 3635 650 3682 Augustinus
679 3636 726 3668 ita
755 3634 872 3678 arguit
895 3639 1014 3666 contra
1047 3629 1219 3664 Maximi-

261 3699 344 3722 num
382 3687 438 3721 lib.
459 3699 488 3733 3.
500 3698 574 3731 cap.
597 3695 646 3730 ις,
660 3685 705 3720 Si
717 3685 829 3720 Pater
842 3691 908 3715 non
921 3679 1033 3727 potest
1041 3688 1219 3726 generare

247 3735 324 3780 fibi
340 3736 474 3774 Filium
485 3734 675 3783 aequalem,
699 3731 746 3781 est
774 3734 972 3780 impotens:
998 3731 1116 3777 ergoe
1140 3741 1222 3778 con-

2097 133 2186 196 49
2203 137 2229 196 5

1279 202 1398 244 verso,
1412 201 1432 239 si
1451 214 1520 238 non
1535 202 1582 239 est
1597 205 1794 250 impotens,
1825 204 1878 239 sed
1894 204 2120 251 omnipotens
2140 232 2151 246 ,
2167 218 2231 252 po-

1277 251 1342 289 test
1358 251 1482 287 Filium
1496 264 1688 298 generare3
1715 254 1819 299 igitur
1832 252 1853 286 si
1871 253 1978 289 Filius
1994 259 2163 300 impotens
2181 253 2228 290 est

1275 300 1461 348 gignendi,
1491 313 1555 337 non
1570 301 1616 337 est
1633 304 1774 347 aequalis
1789 308 2040 349 potentiaecum
2062 303 2165 338 Patre
2177 330 2186 338 .

1324 349 1567 386 Confirmatui·
1580 377 1589 392 ,
1606 351 1626 385 fi
1646 350 1753 386 Filius
1772 353 1950 397 ignoraret
1964 355 2228 398 generationem

1274 398 1393 435 Patris
1409 427 1419 443 ,
1440 412 1507 435 non
1524 401 1613 437 foret
1626 400 1842 435 ommisciens
1861 415 1870 443 3
1889 413 1975 446 ergo
1990 413 2052 436 nec
2064 406 2228 448 omnipo·

1276 457 1355 484 tens
1366 449 1412 485 est
1425 448 1593 486 dicendus
1606 476 1616 491 ‚
1645 448 1666 483 fi
1682 461 1745 485 non
1761 450 1869 497 potest
1886 454 2013 496 pariter
2045 462 2228 496 generare.

1324 499 1493 535 Praeterea
1511 526 1522 542 ‚
1549 498 1754 534 Richardus
1771 526 1781 541 ‚
1811 510 1841 533 2.
1855 500 1897 533 de
1918 501 2053 535 Trim't.
2067 510 2141 546 cap.
2157 501 2225 535 ult.

1273 548 1401 594 probat
1413 547 1487 583 fieri
1501 560 1567 583 non
1582 546 1672 594 poffe
1689 575 1699 590 ,
1726 558 1765 583 ut
1780 547 1842 583 sint
1860 549 1975 595 plures
2003 553 2225 594 omnipoten-

1273 605 1339 639 tes,
1354 606 1540 643 propterea
1555 597 1648 643 quod
1663 609 1750 632 unus
1767 598 1902 633 efficere
1918 599 2050 635 valeret
2071 609 2128 640 ‚ut
2140 598 2228 632 alius

1274 646 1360 681 nihil
1378 645 1507 693 posset.
1526 646 1596 681 Sed
1612 646 1633 681 si
1649 657 1823 692 ponantur
1836 647 1952 694 plures
1968 648 2116 693 persona}
2129 659 2153 681 τε
2167 648 2225 693 iiie

1277 705 1437 741 potentes
1453 721 1464 737 ‚
1495 695 1848 731 ideminconveniens
1876 696 2072 743 sequeretur
2099 722 2107 730 .
2130 696 2228 731 Nam

1276 756 1343 780 una
1360 744 1500 791 persona
1518 745 1623 792 posset
1639 745 1697 780 suo
1717 746 1804 780 velle
1820 745 2009 791 producere
2023 749 2139 781 omnia
2153 745 2229 791 pos-

1275 793 1381 829 sibilia
1398 822 1407 837 ,
1423 795 1550 841 quibus
1568 793 1769 841 produtftis,
1792 794 1874 830 nihil
1901 795 1999 830 alteri
2014 797 2161 842 personae
2177 795 2230 829 su-

1275 842 1421 889 peresset
1435 843 1695 892 producendum
1723 857 1732 879 ε
1757 845 1880 880 eadem
1896 849 1985 880 enim
2003 857 2068 879 non
2088 842 2229 890 possunt

1278 893 1330 929 bis
1342 898 1486 930 omnino
1501 894 1645 939 produci
1665 907 1676 937 3
1694 906 1780 940 ergo
1797 906 1862 929 non
1879 894 2020 930 videtur
2035 895 2232 930 attribuen-

1275 941 1320 978 da
1339 954 1402 990 par
1420 943 1571 988 potestas
1588 943 1716 978 divinis
1734 944 1889 991 personis
1904 971 1912 982 .

1324 992 1567 1029 confirmatur
1579 1020 1590 1036 ‚
1611 992 1715 1028 Pater
1732 998 1827 1040 prius
1839 993 1961 1029 ordine
1987 994 2138 1038 originis
2153 992 2231 1028 vuit

1273 1052 1456 1078 creaturas
1469 1041 1749 1090 existere‚quam
1765 1042 1873 1078 Filius
1887 1070 1898 1086 ‚
1915 1047 1976 1088 qui
1989 1042 2030 1078 de
2045 1043 2147 1079 Patre
2165 1053 2228 1077 ac-

1275 1094 1362 1139 cipit
1375 1117 1386 1133 ,
1410 1101 1448 1126 ut
1460 1091 1580 1137 poilit3
1608 1096 1714 1137 igitur
1729 1093 1833 1129 Pater
1848 1092 2015 1140 producit
2033 1099 2131 1141 prius
2158 1095 2231 1127 ori-

1273 1143 1374 1188 gine,
1400 1142 1506 1188 quarn
1522 1141 1632 1177 Filius
1657 1143 1848 1188 producere
1871 1142 2112 1187 intelligatiir;
2145 1153 2230 1188 ergo

1274 1195 1307 1226 in
1323 1202 1366 1226 eo
1381 1189 1474 1238 figno
1487 1216 1497 1232 ‚
1515 1203 1585 1237 quo
1602 1190 1710 1226 Filius
1726 1191 1920 1239 producere
1947 1190 2094 1229 deberet
2107 1218 2118 1234 ‚
2147 1192 2227 1226 nul—

1269 1240 1304 1276 la
1321 1240 1397 1274 sunt
1412 1239 1577 1287 possibilia
1593 1240 1819 1287 producenda
1832 1267 1841 1275 .

1318 1288 1486 1327 Praeterea
1499 1316 1509 1332 ‚
1535 1289 1876 1338 Exp.prop0sz'tione
1894 1290 1939 1325 de
1951 1289 2070 1327 Caralis
2083 1317 2093 1332 ‚
2121 1289 2160 1329 ἐς
2187 1302 2220 1325 2.

1267 1340 1455 1387 Metaphy.
1467 1350 1538 1375 tex.
1557 1352 1620 1386 c.4.
1637 1340 1675 1379 ᾧ·
1696 1351 1721 1375 ι.
1740 1339 1833 1387 Post.
1847 1350 1948 1378 [σκιή.
1966 1353 1995 1386 ς.
2011 1340 2129 1376 Prima
2146 1350 2229 1375 cau-

1268 1390 1298 1423 sa
1322 1390 1401 1435 plus
1415 1391 1526 1425 influit
1546 1392 1577 1424 in
1595 1387 1756 1424 effeeium
1773 1417 1784 1432 ‚
1806 1388 1911 1434 quz'im
1928 1389 2027 1424 causa
2046 1389 2195 1425 secunda
2216 1402 2228 1432 ς

1267 1438 1324 1472 sed
1337 1437 1443 1473 Pater
1458 1437 1595 1484 praestat
1610 1437 1698 1473 Filio
1712 1443 1886 1474 virtutem
1901 1437 2092 1480 causandi,
2108 1440 2140 1473 δε
2160 1450 2228 1474 non

1266 1486 1285 1520 ἐ
1302 1487 1470 1523 converso
1488 1500 1498 1530 ς
1513 1499 1596 1533 ergo
1614 1487 1730 1522 Patris
1749 1491 1908 1534 potentia
1923 1489 2001 1535 plus
2018 1486 2066 1526 est
2083 1489 2232 1523 influens

1268 1538 1301 1570 in
1314 1537 1476 1578 causat23
1506 1548 1574 1571 uon
1588 1536 1636 1572 est
1650 1539 1757 1583 igitur
1775 1535 1886 1573 Filius
1919 1538 2016 1583 paris
2045 1536 2232 1583 potestatis

1270 1595 1350 1619 cum
1364 1584 1469 1620 Patre
1484 1611 1494 1621 .

1317 1634 1491 1672 CONTRA
1503 1661 1513 1678 ‚
1537 1634 1748 1682 Fulgentius
1765 1636 1805 1672 de
1821 1635 1904 1671 Fide
1939 1635 1983 1670 ad
2000 1635 2140 1672 Petrum
2154 1645 2228 1682 cap.

1271 1694 1303 1719 2.
1318 1685 1523 1720 Sermonem
1542 1685 1723 1721 faciensde
1743 1686 1896 1732 personis
1914 1684 2073 1728 divinis3
2098 1686 2196 1722 nulla
2218 1711 2230 1727 ‚

1270 1736 1381 1780 inquit
1392 1761 1402 1776 ,
1418 1735 1745 1782 alfei-ampraecedit
1757 1739 1960 1771 mei-nitate
1971 1762 1982 1777 ‚
2012 1745 2075 1770 aut
2088 1736 2231 1771 excedit

1269 1785 1522 1829 magnitudine
1537 1811 1546 1826 ‚
1557 1784 1781 1832 autsuperat
1790 1785 1961 1833 potestate
1973 1811 1982 1819 .
2013 1783 2052 1818 M
2059 1784 2186 1831 agister
2204 1795 2232 1818 i.

1269 1833 1348 1880 dist.
1366 1845 1421 1869 zo.
1435 1845 1481 1868 ex
1498 1833 1598 1869 dietis
1613 1833 1802 1879 Augustini
1817 1862 1827 1877 ‚
1841 1829 1903 1870 li'b.
1921 1847 1950 1882 3.
1966 1844 2085 1869 contra
2102 1835 2229 1871 Maxi-

1270 1885 1406 1920 minum
1418 1883 1605 1929 tripliciter
1619 1883 1765 1930 idipsum
1783 1884 1908 1929 probat
1934 1895 1943 1917 :
1974 1883 2092 1918 Primo
2110 1883 2235 1918 ιυξὶο-

1271 1936 1382 1969 ritate
1404 1933 1609 1969 Salvatoris
1626 1933 1700 1977 ‚Jo.
1719 1935 1769 1968 16.
1788 1936 1940 1977 Omnia,
1959 1944 2033 1981 quae
2045 1933 2149 1970 habet
2168 1934 2236 1970 Pa-

1273 1991 1331 2017 ter
1349 2009 1359 2024 ,
1374 1983 1551 2029 meafimt
1563 2009 1570 2017 .
1590 1983 1626 2016 Si
1646 1987 1761 2018 omnia
1777 2009 1786 2023 ,
1801 1996 1879 2031 qux
1894 1984 1998 2019 habet
2015 1983 2117 2018 Pater
2134 2010 2144 2024 ,
2159 1981 2235 2018 Filii

1272 2031 1376 2075 sunt3
1405 2044 1491 2078 ergo
1507 2031 1621 2067 Patris
1637 2035 1897 2079 omnipotentia
1930 2035 2038 2069 etiam
2066 2031 2113 2068 est
2132 2031 2236 2066 Filii:

1273 2093 1339 2116 non
1353 2081 1399 2117 est
1414 2086 1524 2129 igitur
1538 2080 1640 2117 Pater
1657 2081 1746 2117 Filio
1763 2083 1945 2129 potentior
1968 2109 1977 2118 .
2009 2080 2175 2117 Secundo
2188 2108 2199 2124 ,
2211 2079 2234 2115 si

1273 2130 1381 2167 Patei-
1407 2132 1466 2167 fibi
1487 2133 1689 2178 inaequalem
1714 2137 1834 2179 genuit
1864 2131 2012 2168 Filium:
2039 2136 2146 2179 igitur
2173 2142 2236 2170 aut

1273 2185 1356 2228 quia
1372 2194 1437 2217 non
1456 2187 1571 2227 potuit
1585 2193 1663 2217 eum
1676 2186 1819 2228 gignere
1838 2187 2028 2229 aequaiem,
2051 2192 2113 2217 ant
2143 2186 2231 2228 quit

1273 2232 1387 2267 noluit
1416 2230 1463 2265 :si
1495 2243 1563 2265 non
1579 2236 1694 2277 potuit
1707 2260 1716 2273 ‚
1744 2231 1923 2267 infirmuse
1947 2232 1968 2266 si
1980 2233 2095 2267 noluit
2107 2258 2117 2274 ,
2144 2233 2235 2267 invi-

1273 2281 1341 2316 dus
1359 2282 1554 2318 invenitur.
1582 2280 1654 2316 Sed
1670 2292 1845 2329 utrumq-ue
1874 2281 1993 2317 falsum
2022 2281 2070 2317 est
2092 2293 2102 2315 :
2134 2281 2232 2317 Patri

1274 2343 1359 2377 ergo
1370 2330 1479 2366 Filius
1497 2333 1641 2377 aeiiualis
1655 2331 1702 2367 est
1724 2358 1732 2366 .
1759 2332 1887 2368 Tertio
1916 2343 1979 2376 per
1998 2329 2110 2366 simile
2129 2358 2140 2374 ,
2162 2331 2236 2366 Ho-

1273 2392 1332 2415 mo
1348 2380 1370 2415 si
1387 2380 1550 2427 potuiffet
1564 2408 1574 2423 ,
1596 2381 1762 2426 aequalem
1780 2382 1908 2417 Filium
1934 2380 2126 2426 genuiffett
2153 2387 2236 2427 quis

1273 2441 1360 2477 ergo
1385 2430 1515 2474 audeat
1536 2431 1676 2474 dicere,
1700 2431 1798 2478 quod
1830 2433 1895 2467 hoc
1919 2434 2141 2478 omnipotens
2165 2442 2235 2467 non

1274 2484 1412 2528 potuit.

1325 2531 1558 2568 Responnno
1572 2531 1760 2567 dicendum
1788 2530 1917 2567 Filium
1930 2530 2073 2565 omnino
2089 2529 2152 2567 effe
2171 2530 2235 2566 Pa-

1274 2584 1318 2617 tri
1356 2583 1523 2629 aequalem
1540 2609 1550 2624 ‚
1572 2581 1758 2617 fecundum
1788 2586 1983 2629 potentiam
2009 2606 2018 2614 .
2043 2581 2099 2615 Ad
2122 2580 2229 2626 cujus
2301 2577 2346 2606 De
2364 2579 2463 2623 ‚⁹³1³ss

1273 2631 1491 2668 evidentiam
1508 2659 1519 2675 ‚
1543 2629 1718 2667 sciendum
1743 2632 1847 2666 nobis
1872 2632 1927 2665 hic
1953 2629 2018 2665 effe
2040 2630 2231 2667 sermonem
2261 2624 2431 2683 &gaggai-

1273 2680 1322 2718 de
1338 2683 1496 2728 potentia
1510 2681 1628 2717 aeiiva
1642 2709 1652 2724 ‚
1674 2692 1752 2729 quae
1765 2680 1813 2717 est
1825 2683 1857 2716 in
1873 2681 1955 2717 Deo
1968 2691 2007 2714 ut
2019 2682 2171 2725 primum
2185 2680 2231 2714 ef·
2265 2675 2313 2722 isus
2329 2665 2462 2722 f‹lien-tn..

1276 2730 1395 2767 ficiens
1407 2757 1417 2773 ‚
1438 2742 1551 2777 eaque
1578 2730 1687 2778 potest
1716 2732 1859 2777 intelligi
1881 2730 1914 2767 δε
1953 2727 2132 2765 extensive
2157 2757 2166 2772 ,
2202 2731 2234 2765 &
2263 2729 2316 2760 fui:
2353 2739 2409 2762 m.
2433 2740 2463 2768 4·

1276 2779 1444 2819 intensive
1470 2807 1481 2822 ,
1507 2777 1625 2815 Primo
1641 2780 1748 2817 modo
1763 2782 1856 2816 reete
1875 2781 2075 2828 concipitur
2092 2781 2235 2826 aequalis
2263 2780 2349 2808 ⁴¹·⁴¹·

1279 2834 1312 2866 in
1328 2828 1441 2865 tribus
1460 2829 1716 2866 subsistentibus
1732 2833 1764 2865 in
1797 2830 1951 2867 Deitate
1964 2856 1975 2871 ‚
2003 2828 2024 2863 fi
2038 2830 2168 2864 nullum
2193 2829 2236 2865 fit

1277 2879 1458 2929 objee’tum
1472 2906 1484 2923 ‚
1508 2884 1540 2915 in
1552 2880 1648 2927 quod
1660 2892 1705 2916 ex
1724 2890 1825 2926 aequo
1837 2891 1958 2916 omnes
1974 2888 2046 2913 tres
2076 2892 2141 2914 non
2162 2879 2234 2926 pos-

1279 2929 1342 2966 fint
1362 2955 1371 2965 .
1397 2929 1599 2966 Secundum
1622 2939 1741 2967 autem
1770 2929 1992 2965 intensionem
2021 2932 2239 2974 “potentia

1279 2980 1329 3017 est
1341 2978 1528 3027 perseftior
1541 3008 1551 3023 ‚
1572 2991 1648 3027 quae
1662 2986 1693 3015 in
1708 2980 1737 3016 se
1753 2980 1874 3026 majori
1893 2978 2033 3024 praedita
2065 2977 2112 3013 est
2131 2982 2237 3014 attin·

1279 3029 1384 3077 gendi
1423 3027 1584 3065 effefkum
1624 3030 1761 3066 virtute
1785 3055 1793 3064 .
1819 3029 1917 3076 Qia
1958 3037 2073 3062 tamen
2098 3032 2238 3063 termini

1281 3080 1427 3116 aftuum
1454 3079 1687 3119 notionalium
1722 3088 1788 3114 non
1832 3075 1974 3125 perinde
2015 3081 2237 3113 conveniunt

1281 3130 1449 3166 omnibus
1471 3129 1644 3175 personis,
1669 3129 1748 3163 ciim
1779 3127 1890 3163 Filius
1912 3124 1930 3160 a
1961 3126 2031 3160 solo
2057 3125 2157 3162 Patre
2186 3126 2239 3169 sit,

1283 3181 1438 3227 Spiritus
1458 3189 1541 3214 vero
1555 3177 1705 3213 Sanfflus
1725 3176 1742 3212 ii
1758 3177 1885 3218 Patre,
1910 3175 1943 3209 &
1961 3174 2073 3217 Filio,
2090 3174 2140 3213 isti
2158 3188 2238 3221 per-

1281 3232 1391 3266 tinere
1405 3227 1547 3275 proinde
1560 3240 1625 3263 non
1640 3227 1803 3263 videntur
1816 3226 1859 3260 ad
1871 3224 1938 3259 afli
1948 3236 2026 3259 vam
2039 3230 2236 3271 potentiam

1282 3279 1380 3321 Dei,
1405 3289 1511 3325 quam
1537 3289 1638 3313 unam
1662 3275 1840 3312 credimus
1861 3275 2027 3321 :equalem
2053 3278 2085 3309 in
2099 3274 2236 3310 tribus.

1283 3329 1523 3365 Nihilominus
1547 3327 1718 3363 nonnullis
1747 3327 1854 3362 aliter
1881 3325 1991 3362 visum
2023 3323 2090 3359 fuit
2107 3351 2118 3367 ‚
2142 3324 2232 3359 unde
2371 3354 2404 3383 ,ff

1282 3380 1315 3414 δι
1338 3377 1536 3413 docendum
1570 3384 1808 3423 putaverunt,
1835 3378 2027 3423 potentiam
2041 3373 2233 3419 generandi
2269 3394 2295 3421 3<
2317 3360 2469 3424 ’ἶξζτέςιζ

1282 3432 1461 3477 pertinere
1476 3425 1520 3462 ad
1538 3427 1825 3473 omnipotentiam
1840 3452 1849 3467 ‚
1871 3435 1946 3472 quai
1962 3423 2010 3459 est
2024 3449 2034 3464 ,
2063 3435 2170 3468 atque
2204 3423 2234 3461 st
2267 3431 2389 3472 distao.

1283 3475 1447 3516 extendit
1473 3476 1516 3512 ad
1539 3475 1705 3522 quicquid
1720 3487 1785 3510 non
1809 3477 1965 3520 implicat
1980 3472 2235 3509 contradifflo-

1283 3540 1365 3565 nom
1382 3552 1392 3561 .
1417 3525 1492 3561 Sed
1507 3527 1609 3561 nobis
1627 3526 1697 3560 haec
1707 3525 1830 3570 opinio
1845 3535 1910 3559 non
1927 3523 2095 3569 probatur
2109 3549 2119 3563 ‚
2148 3527 2232 3569 quia

1284 3590 1351 3613 non
1370 3575 1495 3619 salvat,
1508 3587 1579 3622 qua
1596 3577 1731 3609 ratione
1745 3574 1848 3609 Pater
1861 3601 1871 3615 ,
1902 3573 1933 3607 8(
1948 3572 2056 3606 Filius
2071 3571 2132 3608 sint
2148 3574 2235 3619 eque

1286 3636 1450 3676 potentes
1471 3650 1479 3659 .
1504 3623 1633 3661 Narnsi
1651 3623 1755 3659 Pater
1769 3623 1922 3671 potestin
1951 3620 2067 3657 ait-“tum
2093 3633 2240 3668 genera·

1284 3679 1391 3713 tionis
1404 3702 1414 3717 ‚
1439 3679 1500 3721 qui
1515 3674 1563 3710 est
1579 3679 1752 3710 terminus
1774 3677 1940 3719 potentia:
1957 3671 2081 3707 aftivae
2096 3698 2106 3713 ‚
2125 3672 2244 3707 stenn-

1286 3726 1594 3772 diimopinantes,
1621 3723 1653 3759 St
1672 3727 1704 3759 in
1716 3722 1864 3760 eundem
1891 3721 2008 3759 atium
2042 3720 2188 3805 Finis&-
2210 3720 2245 3754 St

2152 3782 2208 3817 1³¹·
