2666 4109
52 1362 161 1392 Contra
177 1363 247 1392 hane

49 1400 222 1431 solutionem

49 1440 129 1469 instat
184 1442 241 1470 Do-

50 1478 110 1507 ἃοι·
124 1480 226 1518 Logice'
235 1490 244 1506 ε

49 1519 78 1546 ὃ(
102 1519 248 1557 respondet

48 1555 221 1587 subtiiiffinie*

49 1595 156 1625 videtis
203 1607 248 1626 re·

47 1641 130 1665 xtum
144 1636 223 1676 ipsius
236 1657 246 1669 .

587 178 807 252 Tomus
828 179 865 247 l.
889 179 1050 248 Pars
1065 180 1106 248 1.
1124 179 1349 271 Quoeli.
1365 177 1610 249 XXXI.
1638 182 1775 251 Art.
1789 185 1879 251 111.

278 279 477 323 stinguatur
494 302 504 317 ,
519 273 718 320 expositum
735 273 784 308 est
807 276 1024 320 insblxtione
1039 296 1048 306 .
1061 272 1242 309 Tantum-

279 328 388 362 modo
406 337 493 370 ergo
512 325 543 358 in
562 324 791 359 antecedente
823 329 1038 369 importatur
1055 324 1186 358 alietas
1200 324 1239 358 il·

277 378 391 413 lorum
409 402 419 417 ,
439 379 531 409 inter
547 373 680 420 quaeest
697 372 793 408 :ustio
811 373 1102 419 prodiistivamon
1119 382 1240 407 autem

278 436 361 464 natu
370 437 414 461 rat
426 452 436 467 ,
449 435 526 470 quae
538 434 604 458 una
620 450 630 465 ,
643 424 675 458 8<
695 422 914 459 indivisibilis
929 422 1022 458 estin
1041 422 1240 470 producen-

278 488 313 514 te
325 503 335 520 ,
367 475 398 510 8(
416 472 592 521 ρῑοιὶυὲὶο
606 499 615 508 .

331 526 389 562 Ad
405 522 728 560 Confirmationem
745 523 990 567 dico‚concedi
1006 522 1239 570 ponteficum

279 577 427 622 gignere
442 572 590 608 eundem
608 573 729 609 Deum
742 601 753 616 ‚
786 586 910 619 nempe
930 574 1057 609 Filium
1071 601 1082 616 ‚
1104 576 1164 619 qui
1191 569 1241 606 est

282 626 372 661 idem
394 622 580 661 Deus.Sed
596 634 699 668 nego,
713 624 806 670 quod
818 624 990 665 infertur;
1008 636 1091 669 ergo
1107 624 1244 669 genuit

280 677 319 721 fe
336 676 451 712 Deum
464 699 475 715 ,
500 675 584 718 quia
612 684 817 718 pronomem
843 674 1069 719 reciprocum
1096 673 1244 707 denotat

272 718 399 762 ‘aetum
412 725 590 759 terminari
625 722 669 757 ad
694 722 784 757 idem
808 722 1045 770 suppositum,
1068 721 1087 759 a
1102 733 1173 770 quo
1186 721 1242 755 ille

282 777 386 813 :ustus
402 776 497 816 exit,
518 773 673 819 alioquin
689 784 756 807 non
773 771 856 807 esset
877 777 1096 821 reciprocum
1110 799 1119 807 .
1149 770 1197 806 At
1210 774 1244 805 in

284 823 504 862 antecedenti
521 833 586 856 non
614 827 827 867 importatur
852 822 1244 870 aliqua'reciprocatim

280 888 359 925 quae
370 884 489 911 tamen
507 872 721 919 exprimitur
737 875 768 908 in
780 875 1012 920 consequente
1027 898 1037 914 ,
1066 884 1146 907 cum
1158 871 1246 905 dici-

287 936 347 962 tur
358 953 368 969 ,
384 922 650 971 ergogenuitse
664 921 791 958 Deam
801 947 812 963 ,
826 933 867 957 ac
880 931 1073 971 propterea
1085 920 1134 959 est
1146 921 1246 957 falla·

282 978 337 1011 cia
356 975 601 1021 constquentis
613 999 623 1013 ,
637 972 671 1007 8(
684 970 802 1018 figurae
815 971 979 1008 dietionis
992 998 1001 1006 .

340 1025 396 1062 Ad
425 1027 572 1058 tertium
595 1021 780 1057 dicendum
801 1049 812 1064 ,
836 1033 1026 1070 utrumque
1050 1023 1247 1058 membrum

285 1074 486 1114 essc‘fals'um
502 1074 607 1121 3quia
631 1069 742 1107 Filius
757 1099 767 1115 ,
798 1074 866 1108 alia
885 1073 1025 1120 quidem
1039 1073 1184 1119 persona
1197 1070 1248 1108 est

285 1127 305 1165 a
330 1127 436 1162 Patre
461 1152 470 1166 ‚
495 1123 550 1158 sed
575 1134 643 1157 non
669 1122 758 1158 alius
790 1122 891 1158 Deus
914 1150 924 1166 ,
952 1134 1062 1169 neque
1091 1126 1177 1158 item
1199 1121 1248 1158 est

286 1179 378 1214 alius
392 1186 459 1211 non
479 1173 593 1214 Deus,
608 1170 687 1207 cum
701 1171 844 1208 {itidem
863 1172 964 1209 Deus
979 1190 989 1219 ς
1007 1172 1148 1208 Etcum
1164 1186 1248 1220 pro·

286 1228 392 1263 batur
409 1236 470 1272 per
496 1227 670 1258 rationem
689 1220 976 1260 contradictionis
997 1250 1010 1260 v.
1043 1221 1248 1270 Responfio:

287 1288 415 1313 contra
432 1273 542 1308 dfiio
558 1273 635 1307 iane
650 1273 766 1308 locum
786 1273 890 1309 habet
905 1274 938 1310 8(
969 1279 1000 1310 in
1017 1273 1216 1320 complexis
1236 1301 1247 1316 ‚

286 1328 322 1363 &
336 1332 368 1364 in
386 1324 637 1369 incomplexis,
655 1321 699 1356 sic
717 1333 754 1359 ut
771 1324 879 1359 altera
895 1323 934 1360 fit
950 1335 1050 1366 vera,
1063 1324 1174 1360 altera
1187 1322 1251 1359 fal-

287 1378 318 1415 sa
334 1391 345 1418 ς
363 1377 396 1412 &
410 1381 458 1411 ita
474 1376 505 1407 in
524 1371 603 1406 casu
618 1371 688 1406 haec
708 1371 757 1408 est
771 1372 861 1415 fai-⁰³,
878 1375 1125 1419 ‘Deusgemit
1136 1374 1250 1409 ulium

291 1427 405 1465 Deum
420 1437 431 1467 ;
447 1423 519 1458 haec
531 1432 649 1458 autem
666 1434 748 1458 vera
763 1449 773 1464 ‚
804 1423 901 1459 Deus
914 1435 980 1459 non
992 1427 1125 1470 genuit
1136 1423 1250 1459 alium

290 1479 406 1516 Deum
423 1502 434 1518 ‚
447 1473 575 1521 utpote
589 1472 870 1510 contradiifftcria
888 1474 1003 1517 illiu33
1032 1473 1101 1509 Sed
1117 1486 1244 1520 propo-

286 1528 365 1566 sitio
379 1531 412 1564 in
432 1533 639 1571 argumento
654 1523 759 1559 allata
777 1549 787 1565 ‚
802 1525 901 1561 Deus
910 1528 1042 1571 genuit
1059 1525 1173 1559 alium
1183 1535 1249 1559 non

289 1579 424 1619 Deum,
437 1587 504 1610 non
519 1578 714 1620 opponitur
729 1575 830 1609 alteri
844 1574 1126 1610 contradifiorie
1139 1600 1147 1610 .

340 1628 396 1665 Ad
413 1633 584 1674 quartum
601 1623 798 1671 respondeo
811 1626 1020 1668 ,scoinmitti
1043 1628 1073 1660 in
1093 1637 1135 1661 eo
1149 1626 1246 1662 falla-

284 1682 379 1716 ciam
394 1675 610 1717 accidentis3
639 1686 718 1709 nam
748 1686 793 1709 ex
807 1675 942 1711 formali
961 1675 1184 1712 distint‘tione
1199 1689 1248 1713 re-

284 1729 395 1767 lative
407 1723 657 1773 oppositorum,
671 1729 722 1759 uti
739 1724 998 1772 suntgenerans
1011 1752 1021 1768 ,
1034 1726 1248 1772 &genitum

280 1779 437 1816 ‘infertur
450 1774 628 1811 distinctio
641 1773 826 1811 essentialis
840 1777 926 1823 ejus,
946 1780 977 1811 in
993 1788 1063 1823 quo
1080 1787 1243 1814 extrema

285 1830 362 1866 sunt
377 1839 507 1868 unum,
535 1825 567 1861 8(
582 1824 700 1867 idem3
727 1825 910 1874 Siquidem
930 1827 961 1861 8(
986 1839 1186 1871 generans,
1213 1830 1246 1864 8(

286 1884 451 1928 genitum
467 1879 539 1913 sunt
553 1889 662 1918 unus,
691 1876 851 1925 idemque
870 1879 991 1914 Deus.
1027 1879 1107 1912 Hoc
1124 1889 1244 1913 autem

287 1929 455 1971 medium,
472 1932 504 1962 in
518 1939 590 1974 quo
605 1926 712 1961 ambo
724 1927 780 1963 illa
798 1928 868 1964 sunt
880 1929 1109 1964 essentialiter
1126 1941 1247 1972 urium,

283 1986 525 2014 extraneatur
540 1977 679 2023 utrique
691 1988 871 2021 extremo,
882 1990 1056 2026 quatenus
1074 1989 1179 2012 unum
1194 1980 1246 2013 di-

285 2028 475 2075 stinguitur
486 2027 632 2062 realiter
656 2026 701 2062 ab
729 2029 822 2069 ali03
845 2028 1054 2065 concludere
1083 2041 1168 2075 ergo
1193 2029 1245 2065 di-

288 2077 512 2115 stinffionem
528 2077 656 2112 realem
673 2077 836 2115 Deitatis
848 2106 859 2121 ,
888 2092 934 2115 ex
949 2078 1168 2115 distinetione
1182 2091 1246 2125 ge·

287 2133 447 2165 nerantis
459 2156 470 2172 ‚
482 2128 514 2162 8(
526 2131 638 2173 geniti
652 2125 700 2161 est
717 2127 852 2164 fallacia
869 2129 1062 2165 accidentis
1075 2156 1084 2165 .

340 2177 401 2214 Ad
416 2179 582 2214 ultimum
599 2203 608 2212 .
628 2177 789 2222 neganda
800 2177 849 2214 est
861 2180 1105 2225 consequentia
1122 2179 1244 2215 :Nam

285 2231 323 2265 in
342 2228 573 2264 antecedente
591 2228 863 2273 subintelligitur
877 2229 1128 2264 substantivum
1147 2229 1247 2277 adje—

286 2278 378 2315 aivi
393 2278 524 2314 habens
539 2277 657 2326 ,quod
673 2277 923 2314 substantivum
941 2279 1032 2314 idem
1053 2279 1101 2315 est
1118 2308 1128 2322 ,
1150 2280 1246 2326 quod

287 2331 459 2376 persona:
491 2332 585 2364 circa
600 2327 684 2362 illud
701 2330 807 2374 igitur
841 2330 891 2364 To*
908 2330 1002 2364 alim
1030 2334 1132 2375 ponit
1150 2331 1247 2364 suum

289 2378 570 2425 significatum&
587 2376 755 2414 verissime
773 2379 844 2413 alia
861 2379 909 2415 est
920 2381 1063 2425 persona
1081 2383 1247 2425 gignens,

289 2430 357 2465 alia
372 2435 493 2474 genita
511 2457 519 2465 .
548 2428 598 2464 At
613 2432 644 2463 in
661 2428 888 2475 consequente
911 2430 1006 2464 alsus
1021 2430 1126 2465 affitit
1142 2431 1247 2476 ipsam

289 2478 474 2515 Deitatem
492 2493 502 2520 ς
529 2488 631 2526 atque
645 2483 692 2513 ita
709 2489 945 2515 commutatur
961 2479 1022 2514 hoc
1049 2481 1193 2522 aliquid
1210 2484 1249 2515 in

290 2529 399 2577 quale
420 2530 567 2578 quidzex
583 2540 652 2576 qua
667 2529 779 2563 forma
797 2539 967 2573 peccatur
986 2530 1172 2565 secundum
1188 2531 1249 2566 fal-

292 2579 422 2615 laciam
440 2579 680 2626 consequentis
693 2605 701 2613 .
721 2577 815 2612 Cum
840 2579 1009 2625 probatur
1040 2592 1100 2625 per
1115 2581 1249 2616 Dama·

287 2631 450 2666 scenum:
479 2629 658 2671 dicimus,
681 2639 756 2663 eam
778 2627 1045 2675 descriptionem
1063 2629 1129 2667 esse
1141 2630 1248 2678 quan·

286 2679 369 2715 dam
386 2684 536 2715 nom⁷nis
553 2680 624 2716 Dei
640 2680 915 2725 explicationem
932 2705 943 2722 ,
974 2692 1040 2715 non
1062 2693 1152 2716 vero
1165 2679 1251 2716 defi-

287 2733 458 2765 nit'onem
474 2727 660 2776 significati
675 2740 735 2775 per
745 2739 895 2764 nomen:
923 2733 1005 2776 quia
1023 2742 1148 2767 nomen
1167 2742 1267 2766 con-.

287 2788 428 2815 cretum
440 2779 483 2816 de
498 2792 557 2826 per
573 2780 601 2814 i'e
615 2777 808 2825 significato
827 2790 892 2814 non
910 2781 1081 2825 importat
1095 2781 1141 2823 id,
1153 2779 1250 2827 quod

291 2828 340 2866 est
353 2829 484 2864 habens
500 2857 510 2872 ,
524 2828 544 2863 fi
555 2842 594 2864 ve
608 2829 739 2864 habere
751 2856 760 2872 ,
788 2828 843 2862 sed
869 2839 1008 2865 tanturn
1029 2841 1075 2866 ex
1095 2831 1201 2866 modo
1214 2830 1253 2864 fi-

291 2879 512 2926 gnificandi,
537 2878 722 2914 secundum
735 2891 840 2926 quem
868 2879 1011 2914 modurn
1040 2883 1181 2926 praecise
1209 2881 1254 2916 ab

290 2928 473 2965 abstraeto
489 2929 735 2975 distinguitur.
762 2927 949 2965 Aristi-aeto
984 2931 1075 2964 enim
1094 2931 1161 2966 sola
1184 2928 1255 2966 for-

297 2991 352 3015 ma
368 2978 580 3026 fignzficatur
593 3006 604 3022 ,
627 2980 660 3014 8<
672 2983 904 3026 exprimitur:
935 2983 991 3014 cui
1015 2991 1096 3014 cum
1109 2979 1255 3016 additur

292 3029 419 3065 molus
443 3028 661 3075 significandi
694 3027 902 3076 suppositum
935 3041 1146 3065 concernens
1163 3057 1173 3072 ,
1199 3035 1252 3067 uti

292 3078 344 3114 est
361 3079 493 3114 habens
505 3106 514 3121 ,
539 3087 745 3114 concretum
763 3077 890 3115 evadit
908 3106 918 3121 ,
941 3079 1093 3126 ejusdem
1110 3079 1254 3128 quidem

293 3128 474 3173 fign'ficati
492 3141 552 3174 per
571 3129 599 3164 se
614 3124 874 3174 expressivum,
896 3129 950 3164 sed
977 3130 1037 3165 sub
1052 3130 1119 3166 alio
1148 3131 1256 3166 modo

294 3177 535 3225 significandi:
563 3191 604 3214 ac
619 3188 809 3225 propterca
825 3181 857 3213 in
870 3177 1040 3224 ejusmodi
1062 3181 1261 3222 etbvmolo-

296 3240 388 3275 giis,
409 3230 442 3264 3<
456 3228 766 3275 descriptionibus,
785 3240 853 3264 non
868 3238 1018 3275 oportet
1034 3223 1161 3267 eade'm
1180 3243 1260 3266 om-

297 3283 383 3314 nino
410 3279 595 3326 praed1cata
625 3283 817 3314 convenire
842 3283 1020 3314 nominum
1046 3278 1263 3329 significatis,

295 3339 364 3377 que
383 3340 445 3374 pei·
474 3329 724 3377 descriptiones
749 3330 904 3377 ipsorum
929 3333 1108 3368 nominum
1132 3336 1261 3380 impor-

299 3386 422 3416 tantur
437 3405 445 3414 .

398 3879 539 3933 Tomusj
551 3884 587 3920 l.

2150 208 2282 271 379

1486 296 2008 337 ARTICULUS
2060 301 2130 338 111.

1399 374 1538 410 Utrum
1552 372 1662 408 diaio
1675 374 1805 410 exclusi
1815 377 1964 422 vasolus
1980 375 2020 410 sit
2042 375 2204 411 addenda

1523 424 1676 460 termino
1693 423 1858 460 essentiali
1884 427 1918 460 in
1937 425 2088 461 divinis.

1412 521 1551 559 {varlar
1570 534 1595 557 r.
1609 522 1729 570 dtstin.
1745 535 1801 560 21.
1815 525 1855 558 in
1866 534 2015 572 utroque
2026 527 2172 571 scripto
2186 550 2197 560 .

1475 574 1516 609 S.
1534 572 1654 609 Thom.
1674 585 1699 609 r.
1717 585 1798 623 par.
1817 573 1929 621 quaest.
1950 586 2004 621 3¹·
2017 584 2087 608 art.
2108 586 2138 621 3.

1433 669 1641 709 IDETUR
1656 671 1766 707 diffio
1779 672 2068 719 exclusivasolus
2081 676 2224 709 minime
2238 672 2284 710 ad

1441 720 1475 756 di
1489 721 1580 768 posse
1596 727 1751 758 termino
1764 722 1934 758 essentiali
1961 727 1993 758 in
2018 723 2174 758 divinis:
2201 723 2286 759 Ete—

1324 776 1401 808 nim
1417 783 1463 807 ex
1475 771 1679 815 Aristotele,
1698 771 1964 807 1.Elench0rum
1977 773 2285 819 cap.4.s0lusidem

1324 821 1623 870 fignificat,quod
1634 834 1701 857 non
1717 832 1797 856 cum
1819 822 1910 857 alio:
1927 822 1997 857 Sed
2010 821 2093 858 Deo
2107 821 2140 856 id
2156 833 2287 870 nequa-

1323 884 1433 921 quam
1451 871 1564 918 potest
1579 871 1746 913 attribui,
1774 870 1853 906 cum
1870 870 1908 906 fit
1922 883 2002 907 cum
2023 870 2198 917 spiritibus
2211 900 2222 914 ,
2254 871 2287 907 &

1327 921 1513 960 animabus
1545 921 1696 964 Γαηξὶίες
1724 933 1811 969 ergo
1829 925 1980 957 termino
1996 921 2166 958 essentiali
2186 926 2215 958 in
2233 922 2288 957 di-

1328 975 1422 1009 vinis
1447 970 1528 1007 addi
1557 983 1625 1008 non
1659 971 1768 1008 debet
1797 972 1973 1019 particula
1991 971 2063 1008 haec
2095 970 2288 1015 excluiiva,

1319 1024 1422 1072 solus
1434 1049 1443 1058 .

1376 1072 1545 1108 Praeterea
1567 1100 1577 1116 ,
1601 1073 1638 1109 Si
1659 1072 1703 1109 de
1729 1076 1879 1109 termino
1904 1073 2072 1111 essentiali
2094 1075 2126 1109 in
2155 1072 2288 1109 divinis

1328 1124 1412 1159 vere
1426 1122 1603 1158 diceretur
1618 1123 1787 1166 particula
1799 1123 2078 1171 exclusivasolus
2104 1126 2240 1173 pariter
2255 1122 2288 1157 8<

1329 1184 1412 1208 cum
1431 1171 1553 1206 eadem
1586 1174 1743 1209 veritate
1774 1173 2024 1220 praedicaretur
2050 1173 2092 1209 de
2116 1173 2286 1209 omn-thus

1327 1222 1457 1270 quibus
1472 1221 1545 1256 sunt
1557 1220 1748 1258 essentialia
1762 1235 1838 1258 com
1847 1228 1976 1259 munia:
1995 1234 2033 1260 ut
2045 1227 2130 1271 quia
2146 1224 2228 1259 vere
2241 1223 2289 1258 est

1331 1272 1434 1309 Deus
1448 1275 1673 1317 omnipotens
1690 1299 1699 1313 ,
1727 1273 1759 1307 8(
1777 1284 1923 1316 creans,
1955 1272 1987 1307 8<
2015 1273 2126 1308 sciens
2155 1278 2288 1316 omnia,

1333 1323 1416 1358 vere
1434 1333 1574 1368 quoque
1590 1332 1661 1356 ires
1690 1321 1818 1357 divinae
1836 1323 1985 1369 personte
2008 1322 2206 1369 singillatim
2236 1322 2291 1357 di-

1327 1381 1460 1407 cuntur
1472 1398 1482 1413 ,
1497 1371 1529 1405 8(
1548 1372 1812 1417 omnipotentes
1827 1399 1836 1414 ,
1848 1373 1880 1406 8(
1892 1382 2075 1415 creantes,
2094 1373 2126 1407 8(
2139 1372 2286 1408 scientes

1327 1425 1448 1457 omnia
1462 1433 1470 1455 :
1484 1432 1561 1456 nam
1581 1421 1685 1455 Pater
1700 1421 1748 1456 est
1763 1424 2011 1468 omnipotens,
2038 1422 2071 1458 &
2082 1434 2206 1457 creans
2219 1447 2229 1462 ‚
2257 1422 2291 1456 &

1329 1472 1436 1507 sciens
1450 1483 1552 1506 omne
1563 1471 1679 1505 scibile
1694 1499 1704 1514 ‚
1729 1470 1762 1505 8(
1777 1469 1822 1504 fic
1833 1471 1875 1506 de
1888 1475 2023 1507 caeteris
2039 1472 2191 1521 personis
2209 1484 2218 1506 ε
2233 1471 2289 1507 sed

1329 1522 1446 1558 falsum
1462 1520 1509 1557 est
1523 1521 1627 1556 solum
1644 1519 1784 1556 Patrem
1800 1548 1810 1563 ,
1838 1531 1900 1556 aut
1925 1521 2052 1557 Filium
2065 1550 2076 1566 ‚
2106 1532 2169 1557 aut
2185 1522 2292 1569 Spiri-

1330 1583 1406 1609 tum
1425 1571 1596 1608 Sanctum
1608 1570 1673 1606 esse
1689 1570 1833 1607 Deum:
1862 1583 1950 1617 ergo
1963 1585 2026 1607 nec
2044 1573 2126 1609 vere
2141 1571 2211 1607 dici
2228 1585 2292 1619 po-

1331 1624 1420 1665 test,
1442 1635 1505 1658 nec
1536 1621 1707 1670 applicari
1723 1622 1902 1670 particula
1929 1622 2214 1669 exclufivafilus
2231 1620 2289 1670 ipsi

1329 1674 1470 1710 Deitati
1487 1699 1496 1709 .

1378 1723 1540 1772 preterea
1558 1749 1569 1765 ‚
1601 1721 1803 1759 Secundum
1829 1723 2005 1759 Hilarium
2022 1751 2032 1765 ,
2046 1737 2077 1772 3.
2090 1724 2131 1758 (le
2152 1724 2288 1760 Trinit-

1327 1775 1541 1818 circafinem
1554 1773 1675 1813 &sia
1694 1786 1726 1819 4.
1743 1784 1834 1807 circa
1854 1773 2012 1809 medium
2025 1802 2036 1817 ,
2056 1774 2150 1810 Deus
2166 1784 2233 1809 non
2243 1771 2290 1820 est

1315 1825 1514 1872 solitarius·
1529 1824 1746 1868 confikendm
1761 1848 1770 1857 .
1786 1822 1856 1858 Sed
1872 1822 1893 1856 si
1912 1836 1991 1859 cum
2010 1826 2162 1860 veritate
2178 1825 2292 1870 appli-

1327 1887 1408 1910 care
1424 1873 1597 1921 possemus
1613 1874 2008 1921 syncategoremafhlus
2021 1885 2112 1909 term
2120 1879 2172 1909 'no
2185 1873 2289 1909 essen-

1327 1926 1401 1961 tiali
1415 1950 1425 1966 ‚
1452 1924 1585 1971 pariter
1602 1924 1682 1958 vere
1699 1923 1807 1970 ipsum
1823 1923 2287 1971 confiteremursblitarium

1329 1985 1478 2021 utraque
1496 1976 1587 2009 enim
1608 1984 1694 2009 voce
1708 1972 1829 2007 eadem
1845 1973 1999 2009 exclusio
2031 1977 2219 2020 importari
2238 1977 2289 2009 vi-

1328 2025 1457 2060 detur:
1482 2036 1569 2069 ergo
1597 2021 1881 2069 exclusivasolus
1898 2036 1965 2060 non
1979 2022 2075 2060 refte
2092 2024 2290 2073 applicatur

1329 2079 1484 2110 termino
1498 2072 1664 2109 essentiali
1679 2077 1711 2106 in
1727 2073 1747 2107 d
1766 2078 1856 2108 vinis
1871 2100 1880 2108 .

1380 2124 1577 2166 Praeterea,
1606 2122 1883 2168 Augustinus,6.
1901 2123 1945 2159 de
1963 2122 2096 2160 Trinit.
2111 2136 2186 2171 cap.
2204 2138 2235 2170 9.
2250 2121 2294 2157 sic

1327 2174 1458 2216 scribit3
1474 2173 1733 2217 Corgszilernnrla
1744 2172 1790 2220 6st
1801 2173 2086 2221 1'llasenzentz'a,q
2094 2187 2139 2210 :m
2155 2174 2292 2208 dicitur

1332 2225 1452 2261 Deum
1465 2223 1711 2269 verumsolam
1739 2234 1804 2257 non
1817 2226 1881 2270 esic
1910 2223 2181 2268 Pztrentfi·ltln1
2192 2251 2202 2266 ,
2220 2223 2294 2270 secl

1335 2276 1488 2311 Patrem
1501 2302 1510 2316 ,
1528 2274 1566 2314 ᾤ’
1587 2274 1722 2310 Filium
1735 2300 1745 2315 ,
1759 2273 1798 2314 ὃ
1811 2276 1995 2320 Spiritum
2016 2274 2184 2311 Sanffztm
2198 2285 2207 2307 :
2227 2276 2291 2319 igi-

1329 2334 1389 2360 tur
1408 2324 1624 2371 Augustinus
1637 2333 1738 2369 putat
1753 2349 1762 2364 ,
1786 2336 1850 2359 non
1878 2324 1942 2359 esse
1957 2323 2153 2359 addendam
2185 2324 2293 2369 parti-

1329 2378 1444 2410 culam
1462 2373 1782 2419 exclufivamfhlus
1800 2379 1951 2409 termino
1963 2373 2130 2409 essentiali
2146 2374 2179 2407 in
2195 2371 2288 2407 divi-

1328 2430 1403 2468 nis,
1423 2425 1482 2461 nifi
1497 2437 1577 2459 cum
1591 2421 1804 2472 expressione
1818 2427 1927 2458 trium
1945 2425 1976 2458 in
2007 2424 2090 2460 Deo
2117 2421 2290 2458 subsisten-

1330 2482 1420 2513 tium
1434 2476 1678 2523 personarum.

1379 2526 1554 2562 CONTRA
1567 2525 1684 2570 „ioan
1706 2535 1757 2570 17.
1774 2524 1863 2559 Haec
1875 2522 1922 2570 est
1937 2526 2016 2559 vita
2030 2534 2174 2566 aterna,
2186 2534 2225 2558 ut
2239 2536 2289 2558 co·

1325 2576 1500 2624 gnoscanr
1511 2574 1671 2621 resculam
1689 2574 1802 2610 Deum
1815 2586 1952 2616 vunnu
1966 2586 2051 2620 ergo
2069 2574 2112 2609 de
2129 2572 2289 2609 testimo·

1327 2631 1389 2662 nio
1406 2626 1607 2661 divinarum
1631 2624 1880 2671 scripturarum
1897 2624 1990 2659 rthe
2012 2623 2155 2660 additur
2179 2627 2291 2670 porti-

1329 2678 1408 2712 cula
1423 2674 1708 2720 exclufivafilus
1725 2680 1877 2709 termino
1893 2672 2058 2709 essentiali
2081 2679 2113 2709 in
2131 2674 2266 2708 divinis
2281 2703 2289 2711 .

1382 2726 1616 2762 Respoimeo
1630 2724 1818 2759 dicendum
1832 2751 1842 2767 ‚
1866 2723 2165 2770 quemadmodum
2183 2723 2292 2760 diffie

1329 2768 1615 2823 exclusivasolus'
1630 2774 1740 2822 potest
1761 2774 1921 2809 bifariam
1937 2777 2047 2821 accipi
2064 2801 2072 2817 ,
2087 2775 2292 2820 cathegore-

1333 2829 1465 2862 matice
1480 2830 1665 2864 nimirum,
1691 2825 1724 2860 8(
1743 2824 2132 2872 lyncathegorematice
2146 2851 2155 2867 ,
2183 2826 2214 2859 δ’(
2232 2824 2290 2871 ju·

1332 2887 1397 2913 xta
1415 2879 1571 2924 priorem
1601 2878 1841 2921 acceptionem
1861 2874 1943 2909 fallo
1966 2873 2048 2909 addi
2074 2878 2222 2911 termino
2246 2872 2294 2908 es·

1331 2928 1462 2964 sentiali
1480 2931 1512 2962 in
1529 2927 1682 2967 divinis,
1699 2925 1752 2960 sed
1766 2924 1952 2960 secundum
1971 2924 2215 2970 posteriorem,
2231 2935 2294 2958 ve·

1331 2989 1410 3013 ram
1430 2975 1566 3014 efficere
1583 2974 1866 3025 praedicationem
1881 3002 1889 3010 .
1921 2974 2135 3010 Declaratio
2149 2973 2197 3009 est
2213 2973 2294 3009 ista:

1331 3027 1438 3065 Solus
1448 3029 1618 3074 importat
1630 3028 1857 3072 negationem
1871 3023 2122 3066 affociationis;
2137 3034 2195 3060 aut
2207 3035 2296 3069 ergo

1333 3077 1546 3124 intelligitur
1561 3080 1704 3122 negatio
1719 3074 1954 3110 determinare
1968 3073 2110 3121 „alquid
2135 3078 2167 3109 in
2184 3074 2232 3116 se,
2256 3073 2296 3108 fi-

1334 3140 1381 3163 ve
1395 3138 1441 3162 ex
1460 3137 1584 3163 natura
1599 3130 1673 3167 rei,
1703 3126 1761 3161 vel
1777 3124 2012 3159 determinare
2033 3124 2164 3172 aliquid
2193 3134 2232 3158 ut
2249 3122 2296 3158 est

1334 3186 1540 3213 extremum
1551 3175 1817 3223 compositionis
1831 3175 1860 3209 in
1873 3173 1998 3210 ordine
2014 3174 2055 3208 ad
2071 3174 2166 3209 aliud
2182 3185 2296 3210 extre-

1335 3239 1431 3262 mum
1452 3240 1461 3269 ;
1490 3225 1651 3273 negando
1666 3226 1792 3261 sclicet
1819 3225 1919 3260 alteri
1943 3225 1987 3259 ab
2011 3223 2073 3259 isto
2092 3234 2296 3271 competere

1336 3277 1565 3325 praedicatum
1577 3303 1587 3319 ,
1601 3276 1694 3322 quod
1712 3275 1923 3310 attribuitur
1936 3279 1988 3317 ei,
2007 3274 2102 3322 quod
2114 3272 2294 3310 exclusiva

1340 3326 1472 3362 afficit.
1503 3328 1559 3363 Ut
1572 3331 1716 3372 negatio
1740 3336 1799 3371 per
1816 3323 1997 3360 exclusiva
2025 3330 2212 3371 importata
2236 3323 2299 3358 de-

1336 3382 1505 3413 terminat
1522 3376 1651 3424 aliquid
1668 3382 1700 3412 in
1720 3377 1750 3411 se
1778 3375 1796 3422 (
1814 3375 1910 3422 quod
1927 3375 1976 3411 est
2005 3377 2227 3419 cathegorica
2246 3377 2296 3419 ip-

1335 3425 1405 3462 slus
1418 3427 1594 3473 usurpatio
1615 3427 1632 3474 (
1651 3427 1732 3462 fallo
1756 3425 1900 3461 additui·
1917 3430 2067 3459 termino
2097 3423 2245 3458 ell'entalx
2264 3423 2299 3456 in

1336 3477 1489 3512 divinis,
1515 3481 1597 3523 quia
1638 3489 1679 3512 ea
1706 3475 1961 3523 significaretur
1987 3473 2051 3509 esse
2077 3471 2298 3508 solitudinem

1336 3529 1375 3562 in
1392 3527 1553 3569 divinis3
1587 3520 1671 3562 nih'il
1701 3537 1817 3562 autem
1846 3523 1895 3559 est
1921 3525 1967 3560 ibi
2010 3524 2223 3564 solitarium,
2245 3523 2300 3555 uti

1339 3576 1493 3612 fatentur
1506 3576 1778 3623 AugustinuS,&
1798 3572 2167 3622 Hilarius.Qatenus
2183 3581 2300 3606 autem

1342 3626 1633 3673 exclusivasolus
1649 3626 1864 3662 determinat
1882 3623 1911 3657 l‘u
1920 3623 2066 3671 bje5tum
2084 3634 2145 3671 per
2162 3621 2301 3656 habitu-

1344 3676 1462 3711 dinem
1478 3677 1521 3711 ad
1538 3677 1780 3725 predicatum,
1808 3685 1942 3718 negans
1967 3674 2071 3710 alteri
2098 3671 2116 3707 a
2145 3671 2298 3717 subjeeto

1343 3727 1426 3762 illud
1439 3731 1628 3762 convenire
1642 3753 1652 3769 ,
1674 3726 1691 3773 (
1717 3729 1749 3760 in
1768 3736 1839 3771 quo
1855 3723 1919 3757 stat
1938 3727 2098 3770 acceptio
2117 3721 2299 3770 syncathe-

1339 3781 1558 3823 gorematica
1590 3775 1767 3822 exclusive
1787 3775 1804 3822 )
1827 3772 2031 3808 conceditur
2055 3775 2301 3813 communiter,

1339 3827 1524 3875 &quidem
1539 3826 1658 3870 reete,
1683 3827 1826 3864 attribui
1851 3821 1942 3871 posse
1966 3827 2117 3861 termino
2133 3820 2301 3860 essentiali

1788 3874 1919 3914 Bbba
2219 3875 2254 3906 m

2347 727 2478 764 Magister
2495 735 2522 760 Ι.

2323 763 2392 793 sent.
2407 766 2485 800 dista.
2496 775 2522 795 r.

2323 805 2442 841 cap-sed
2463 803 2520 833 ite-

2325 851 2387 870 rum
2400 859 2409 869 ι

2324 1128 2464 1166 Qodlib.
2492 1141 2523 1169 q.

2399 1170 2401 1172 ’
2455 1170 2524 1200 alibi

2322 1206 2446 1244 passim.

2327 2151 2459 2192 Magister
2472 2155 2526 2183 lm

2327 2193 2374 2221 cit.
2392 2204 2451 2233 cap.
2466 2192 2526 2232 t'ost

2325 2233 2378 2260 haec
2393 2250 2402 2260 .

2333 2981 2345 3008 3
2354 2973 2528 3021 .din.9.o.l)5

2331 3020 2413 3042 terreo
2452 3022 2529 3043 arn-

2331 3053 2414 3080 culo.
