2616 4109
55 200 183 240 minum
201 197 332 236 finizum
350 219 359 236 ‚
374 199 455 241 quia
468 190 550 230 n‘no
568 189 682 241 potest
700 185 870 226 infinitum
900 184 1117 236 praexigere
1146 187 1184 226 ἢ.

9 271 16 288 ;
54 260 163 287 mrum
176 276 185 285 .
1018 250 1100 285 407·
1156 253 1185 278 1.

4 329 18 339 ..
33 299 108 338 'lodi
122 297 293 335 intrinseci
323 306 389 330 non
421 294 493 328 sunt
519 292 711 328 formaliter
736 289 828 324 entia
845 301 855 329 3
885 300 950 325 nec
980 286 1186 326 differentia»,

7 367 14 385 ,¹
57 350 183 386 ultima:
201 357 318 384 rerum
332 370 342 385 ‚
358 355 419 380 nec
437 343 540 389 ipsius
555 346 649 379 entis
663 339 831 387 passiones
843 338 1041 373 formaliter
1059 348 1122 372 ens
1136 343 1187 375 in·

55 397 190 435 cludere
206 395 341 446 possunt
358 422 366 431 .
1021 388 1100 422 162.
1154 400 1186 425 2,

36 448 159 484 sovens
178 455 328 498 primurn
343 442 524 493 quomodo
537 441 575 476 sit
588 443 618 475 in
635 438 934 474 circumferentia.
1039 438 1098 474 ὄρ,
1153 450 1186 475 2,

12 516 17 531 .·
33 497 165 534 *sundus
194 494 350 534 sensibilis
384 498 497 541 grstia
523 489 656 527 Christi
682 515 694 532 ‚
720 488 754 522 &
788 486 992 523 Electorum
1023 487 1188 525 conditus

7 564 11 570 ·
32 560 34 563 ·
56 547 127 586 est.
1023 550 1104 587 295.
1161 549 1189 575 1.

12 601 161 639 nunus,
186 594 225 636 ἐῢ·
247 594 356 640 Dsum
379 593 562 639 synonima
583 587 678 636 apud
709 586 891 622 Hilarium
907 613 916 622 .
947 597 1032 633 447⁸
1089 598 1188 631 1.‚2.

35 647 184 685 §undum
202 643 458 689 intelligibilem
484 641 661 677 Divinum
686 635 844 673 infinitos
870 635 1019 674 condere
1045 637 1190 674 ordines

15 714 35 737 ,=
54 707 171 733 rerum
189 722 198 738 ‚
215 695 247 729 8<
262 693 429 729 idealiurn
447 695 622 727 rationum
641 715 650 722 .
1025 699 1102 736 3¹7·
1159 698 1190 724 1.

10 748 159 785 riunera
173 745 228 780 sua
247 748 278 778 111
293 745 407 778 anima
434 753 502 777 non
529 738 678 775 destruit
703 737 804 774 Deus
820 764 830 779 ‚
856 735 913 772 nili
931 738 1015 782 quia
1033 738 1102 784 ipsa
1130 737 1189 772 sua.

11 811 19 837 i
57 797 148 834 mala
162 796 345 830 voluntate
360 792 563 827 demeretur
582 813 593 830 ‚
612 799 650 825 ut
664 787 767 824 Deus
783 799 862 824 eam
879 786 1022 835 abjiciat
1035 788 1053 822 e
1065 797 1186 822 nume·

58 858 98 882 ro
111 846 305 881 amicorum
323 839 461 878 suorum
477 869 486 877 .
1020 838 1101 877 287.
1158 845 1188 873 1.

35 895 209 934 dultitudo
230 891 367 927 infinita
386 893 404 930 a
430 899 532 940 parte
557 890 607 925 rei
633 890 775 924 omnino
793 896 985 935 repugnat.
1041 887 1098 922 86.
1155 898 1188 923 2.

8 938 98 999 §Qu
166 952 375 991 argumento
438 946 470 977 in
477 943 583 978 nixus
637 939 791 975 Poncius
858 936 1060 986 oppositum
1134 943 1190 972 te-

8 1005 22 1034 1
46 1003 142 1033 ¹neat
1049 986 1106 1034 87.
1162 996 1194 1023 ι.

553 1089 651 1184 N

6 1200 111 1296 RN
127 1201 244 1238 Atura
259 1205 464 1235 numeratur
479 1200 513 1233 in
532 1193 723 1231 individuis
737 1219 747 1234 ‚
762 1189 893 1238 quibus
909 1187 1006 1231 inest,
1019 1185 1101 1234 quia
1118 1196 1191 1223 non

7 1245 24 1301 U
136 1251 187 1287 est
201 1248 244 1285 de
262 1248 293 1284 se
312 1246 497 1285 individua
515 1273 525 1288 ‚
543 1243 598 1280 sed
611 1242 651 1280 fit
664 1242 746 1279 talis
762 1252 823 1291 per
840 1239 989 1288 aliquid,
1001 1236 1098 1285 quod
1120 1250 1190 1273 non

7 1306 23 1347 l·
61 1301 110 1339 est
123 1300 339 1346 inclusum'in
358 1300 416 1334 sua
433 1297 573 1334 essentia
592 1321 602 1330 .
1049 1287 1108 1322 60.
1165 1298 1196 1324 1.

6 1352 155 1441 Natura
168 1350 348 1386 rationalis
368 1360 436 1383 non
456 1345 565 1395 potest
590 1347 764 1389 attingere
780 1341 952 1388 proprius
984 1338 1122 1375 viribus
1147 1336 1196 1379 id,

0 1410 1 1415 ¹
61 1403 107 1440 ad
119 1400 218 1449 quod
234 1399 386 1434 maxime
401 1398 587 1432 inclinatur
601 1421 612 1437 ‚
635 1393 670 1428 δε
693 1396 725 1427 111
741 1401 812 1438 quo
842 1390 907 1425 sita
938 1388 986 1425 est
1008 1385 1195 1434 adaequata

7 1466 21 1504 ς
61 1452 167 1503 ipsius
184 1448 354 1498 perfefkio
368 1473 379 1490 ‚
397 1447 430 1481 δι
443 1446 595 1482 felicitas
613 1470 624 1486 ‚
1023 1438 1107 1472 286.
1164 1446 1193 1469 1.

6 1503 186 1544 Naturale
198 1526 209 1543 ‚
227 1498 260 1535 St
273 1495 498 1536 necessarium
516 1505 583 1530 non
595 1491 794 1529 zoineidunt
810 1515 820 1525 .
1023 1497 1105 1532 εις-7.
1164 1495 1190 1520 1.

7 1567 12 1585 ¹
32 1555 155 1592 latura
169 1549 350 1587 rationalis
367 1559 433 1582 non
452 1545 500 1582 est
514 1553 602 1580 nota
616 1538 806 1577 intelleEkui
835 1539 893 1574 suo
922 1536 982 1572 sub
1012 1549 1054 1572 ea
1083 1537 1193 1570 ratio·

7 1621 14 1627 ·
56 1611 204 1650 ne‚qua
217 1599 435 1636 adultimum
460 1596 564 1632 finem
588 1591 770 1629 ordinatur
786 1614 798 1630 ‚
814 1587 933 1636 estque
967 1584 1198 1624 beatitudinis

5 1668 10 1689 τ
65 1657 183 1702 capax
200 1676 210 1687 .
1080 1646 1114 1683 ς.
1170 1646 1198 1670 1.

32 1704 106 1742 'ieri
119 1706 263 1739 omnino
279 1710 345 1736 non
365 1697 477 1746 potest
493 1723 504 1740 ‚
527 1704 566 1738 ut
591 1689 718 1742 aliquid
742 1693 774 1725 in
791 1689 818 1726 se
838 1689 877 1725 sit
900 1687 1056 1725 absolute
1075 1686 1192 1721 neces-

10 1771 12 1774 >
63 1754 192 1791 sarium
206 1749 363 1798 respeftu
379 1748 488 1784 causa:
503 1749 621 1794 primae
639 1771 649 1787 ‚
677 1741 711 1777 &
735 1744 942 1785 contingens
958 1743 992 1774 in
1005 1735 1127 1773 ordine
1144 1733 1190 1771 ad

6 1815 29 1827 ⁶
65 1803 202 1840 causam
216 1798 401 1836 secundam
417 1825 428 1841 ,
444 1797 500 1834 vel
519 1798 721 1843 proximam
733 1817 743 1833 ‚
757 1790 789 1824 δι
801 1801 909 1837 quare
922 1815 932 1823 .
1027 1787 1105 1834 189-
1167 1795 1196 1822 1.

6 1900 9 1901 ⁷
31 1855 118 1894 Nihil
135 1860 240 1888 extra
261 1850 381 1886 Deum
401 1847 449 1883 est
467 1852 516 1882 ita
534 1845 731 1880 formaliter
751 1837 976 1876 necessarium
989 1837 1074 1873 sicut
1093 1835 1202 1871 Deus

70 1901 254 1942 §.cundum
266 1908 525 1946 quamcumque
543 1893 751 1940 positionem
767 1917 776 1926 .
1027 1887 1112 1934 406.
1168 1898 1200 1923 ε,

31 1951 220 1993 Necessitas
239 1947 538 1984 immutabilitatis
552 1972 560 1987 ‚
575 1948 609 1978 in
630 1943 711 1978 Deo
724 1951 791 1976 non
806 1939 855 1978 est
872 1937 1051 1976 necessitas
1069 1936 1198 1983 simpli-

73 2010 159 2041 citer
174 2029 185 2044 ‚
197 1998 256 2035 sed
268 1998 412 2034 alterius
428 1997 577 2031 rationis
592 1992 637 2028 ab
649 1991 711 2026 ista
725 2018 733 2027 .
1036 1996 1116 2034 191.
1174 1998 1202 2023 1.

26 2050 216 2095 Necessitas
263 2047 312 2086 est
347 2045 504 2083 conditio
553 2042 756 2089 simpliciter
799 2038 1024 2090 perfeetionis
1075 2041 1106 2072 in
1144 2049 1205 2082 enq

73 2115 107 2142 te
125 2130 135 2140 .
1066 2088 1120 2122 ³6.
1180 2099 1207 2124 1.

31 2152 266 2193 Necessarium
298 2147 556 2199 presupponere
581 2145 813 2187 contingens,
835 2139 883 2175 est
910 2100 1142 2185 impoffi3biie3
1170 2146 1207 2174 at

77 2208 284 2249 contingens
318 2201 534 2247 praeexigere
579 2196 723 2230 omnino
764 2188 993 2228 necessarium
1032 2188 1080 2225 est
1130 2190 1208 2224 evi-

77 2255 162 2291 dens
174 2280 184 2288 .
1043 2250 1124 2288 394.
1177 2249 1209 2272 2.

34 2305 178 2343 Nullum
207 2300 226 2338 ὲ
255 2300 285 2336 se
316 2296 545 2335 necessarium
559 2298 749 2340 coexigere
763 2289 874 2340 potest
903 2289 1035 2339 aliquid
1067 2299 1134 2322 non
1149 2300 1210 2335 pe-

77 2353 174 2392 rinde
189 2349 416 2388 necessarium
432 2372 442 2381 .
1044 2340 1122 2389 306.
1182 2351 1211 2375 1.

33 2405 189 2452 Negatio
202 2404 235 2438 in
246 2402 276 2437 se
289 2397 507 2436 considerata
521 2408 566 2435 ex
577 2408 667 2445 equo
684 2393 815 2430 dicitur
830 2402 904 2430 tam
917 2390 960 2428 de
977 2401 1059 2428 ente
1072 2416 1083 2432 ‚
1105 2399 1211 2435 quam

81 2455 124 2491 de
138 2466 206 2490 non
217 2459 312 2489 ente.
1048 2452 1128 2490 399.
1186 2450 1213 2478 1.

27 2503 187 2550 'Nomina
201 2512 348 2543 eorum,
374 2501 436 2546 qui
450 2498 634 2547 conscripti
652 2495 732 2531 sunt
746 2496 778 2530 in
800 2493 888 2529 libro
917 2496 1000 2530 vita:
1013 2492 1108 2538 Agrii
1139 2489 1214 2526 sunt
1265 2510 1267 2512 -

82 2559 224 2591 omnino
237 2551 432 2588 indelebilia
447 2575 456 2585 .
1047 2552 1129 2591 304.
1189 2551 1214 2576 1.

36 2604 194 2642 Nomina
208 2600 465 2651 perfeetionum
477 2597 699 2649 simpliciter,
720 2607 796 2643 quae
809 2594 854 2630 de
874 2595 960 2631 Deo
975 2621 986 2637 ,
1010 2593 1043 2628 &
1074 2599 1217 2627 creatu-

22 2702 25 2704 ,
81 2658 130 2692 ris
156 2655 321 2690 dicuntur
332 2678 344 2694 ‚
366 2650 516 2687 univoce
543 2650 587 2684 de
609 2646 690 2694 ipsis
711 2648 940 2682 enunciantur
955 2671 965 2688 ‚
992 2652 1099 2690 atque
1129 2651 1215 2676 eun-

92 2705 173 2742 dem
185 2707 373 2750 important
385 2709 598 2747 eonceptum
611 2696 739 2732 realem
754 2722 764 2732 .
1056 2693 1100 2728 16
1110 2702 1134 2726 ¹.
1187 2701 1218 2725 2.

45 2753 200 2792 Nomina
215 2763 260 2789 ex
276 2760 379 2799 parte
389 2752 490 2786 vocis
502 2747 727 2796 significantis
742 2757 811 2781 non
836 2744 1004 2780 dicuntur
1034 2754 1095 2790 per
1119 2741 1218 2787 prius

91 2804 136 2840 de
155 2805 242 2841 Deo
254 2829 266 2846 ,
281 2812 386 2850 quam
399 2799 440 2836 de
451 2801 625 2836 creaturis
641 2824 653 2840 ‚
674 2794 773 2832 secus
789 2805 908 2830 autem
925 2821 936 2837 ,
957 2793 981 2828 si
1004 2790 1221 2828 consideren-

91 2863 151 2891 tur
165 2851 292 2890 eadem
311 2854 450 2887 nomina
466 2860 511 2884 ex
527 2857 626 2897 parte
636 2850 686 2882 rei
702 2843 904 2892 significata:
921 2871 930 2880 .
1055 2843 1134 2888 ¹63·
1189 2853 1221 2875 2.

53 2903 210 2943 Nomina
222 2914 284 2951 per
301 2900 545 2949 metaphoram
557 2898 643 2936 Deo
666 2896 835 2932 attributa
858 2907 922 2944 per
945 2896 1043 2941 prius
1058 2891 1221 2926 dicuntur

89 2955 134 2993 de
149 2954 326 2992 creaturis
340 2979 350 2988 .
1056 2944 1137 2986 164.
1195 2951 1223 2974 1.

43 3005 365 3052 Viatorimponere
382 2997 497 3049 potest
517 3009 657 3035 nornen
670 3024 681 3040 ‚
706 3007 778 3043 quo
802 2994 1015 3043 significetur
1038 2995 1131 3028 ratio
1145 2991 1220 3036 qul·

91 3054 245 3091 ditativa
257 3053 417 3090 Deitatis
431 3075 442 3091 ,
467 3058 572 3096 prout
582 3050 784 3093 concipitur
799 3072 809 3089 ‚
838 3046 870 3080 &
893 3044 1033 3081 videtur
1055 3041 1076 3078 a
1092 3040 1224 3081 neatis,

54 3113 56 3115 ’
92 3104 128 3141 &
143 3104 186 3140 ab
202 3101 380 3140 intelleffm
400 3099 559 3136 Divino.
1063 3104 1074 3126 i
1086 3091 1139 3136 56.
1198 3099 1226 3123 1.

26 3158 27 3161 ’
48 3153 206 3203 vEgregia
239 3151 406 3188 doftrina
442 3148 486 3184 de
532 3146 736 3196 quibusdam
781 3145 983 3182 nominibus
1029 3140 1135 3178 (116ὶὶ3
1181 3138 1225 3172 de

26 3217 28 3220 ’
99 3204 182 3241 Deo
195 3229 206 3240 .
1089 3200 1143 3237 55.
1196 3201 1227 3223 2.

48 3252 139 3291 Fieri
150 3251 282 3301 potest,
295 3259 334 3288 ut
347 3253 468 3287 viator
483 3253 640 3284 nominet
658 3245 780 3284 Deum
795 3247 937 3280 nomine
955 3245 1101 3290 proprio
1119 3238 1226 3284 signi-

97 3302 222 3340 ficante
239 3303 332 3338 illam
347 3299 522 3337 essentiam
536 3325 546 3341 ,
563 3307 601 3334 ut
621 3295 669 3344 est
683 3298 750 3332 haec
766 3323 776 3338 ‚
790 3307 830 3330 ne
848 3293 989 3328 durnah
1005 3293 1105 3333 aliis,
1130 3296 1169 3323 ut
1184 3287 1228 3322 ab

96 3355 170 3402 ipso
187 3351 272 3388 Deo
285 3378 297 3395 ,
309 3351 343 3386 &
358 3351 474 3385 Beatis
488 3346 676 3394 imposit03
704 3344 827 3382 verum
851 3347 958 3380 etiam
977 3341 994 3378 a
1011 3343 1039 3376 se
1064 3341 1228 3376 adinven-

52 3403 74 3435 1-
101 3411 140 3440 to
153 3429 163 3443 ‚
189 3414 262 3450 quo
274 3404 523 3449 exprimantur
537 3407 726 3443 conceptus
740 3399 788 3430 ita
805 3394 890 3430 Deo
905 3394 1061 3441 proprii,
1088 3398 1128 3425 iit
1153 3388 1229 3422 nul-

103 3454 125 3489 li
137 3462 257 3490 creatu
266 3462 384 3488 rarum
400 3456 605 3495 competere
620 3453 771 3492 queant.
1076 3440 1152 3488 156.
1204 3448 1230 3471 1.

53 3503 204 3545 Nomina
219 3529 230 3545 ‚
247 3501 376 3550 quibus
403 3496 640 3544 significantur
655 3493 832 3543 respeftus
858 3490 904 3528 ad
918 3499 1098 3527 creaturas
1111 3517 1121 3532 ‚
1146 3484 1230 3521 vere

102 3555 267 3591 dicuntur
284 3550 328 3588 de
347 3550 430 3586 Deo
447 3558 492 3584 ex
504 3556 663 3591 tempore
680 3571 690 3586 ‚
709 3556 753 3580 eo
782 3541 878 3589 quod
902 3541 1089 3576 relationes
1117 3535 1230 3574 reales

99 3612 343 3640 creaturarum
356 3598 400 3633 ad
416 3597 535 3634 Deum
550 3596 625 3630 sunt
639 3606 737 3629 novae
752 3619 763 3634 ,
786 3592 820 3627 8:
835 3603 881 3626 cx
897 3599 1057 3637 tempore
1073 3617 1083 3632 ‚
1101 3594 1232 3623 necta-

102 3665 180 3689 men
195 3660 338 3699 propin
353 3660 413 3683 eas
440 3647 518 3682 sunt
546 3642 712 3692 ponenda:
728 3643 853 3688 aliquae
878 3640 1065 3675 relationes
1094 3643 1124 3673 in
1151 3635 1233 3670 Deo

100 3715 200 3739 πονε
211 3695 537 3738 terminantesistos
567 3692 743 3744 i·espe5tus
768 3699 1038 3733 creaturarum,
1063 3699 1103 3725 ne
1124 3687 1234 3722 ratio-

110 3755 164 3788 nis
177 3751 317 3799 quidem
330 3774 340 3787 .
1129 3737 1240 3781 i65.1.

1249 187 1394 226 Revera
1410 191 1474 236 per
1492 197 1620 224 nomen
1637 184 1737 226 Deus
1751 187 1964 235 exprimitur
1982 212 1992 230 ‚
2004 193 2111 234 atque
2126 182 2342 231 significatur
2358 106 2437 219 Dc3i·

1300 249 1426 274 natura
1444 264 1454 280 ‚
1482 238 1655 284 &quai-c.
2267 236 2342 270 166.
2396 243 2427 269 a.

1251 289 1411 326 Nomina
1463 288 1643 337 complura
1696 286 1738 323 de
1782 286 1868 324 Deo
1919 289 2149 324 enunciantur
2198 284 2431 320 substantiali·

1302 348 1379 395 ter‘,
1593 357 1596 362 .
2272 346 2347 382 ¹57·
2399 343 2430 368 2·

1254 388 1388 424 Omnia
1406 387 1462 422 illa
1487 389 1653 428 nomina,
1676 396 1752 431 quae
1768 386 1971 421 relationem
2003 384 2048 420 ad
2077 390 2256 419 creaturas
2286 396 2353 419 non
2382 385 2430 417 in-

1307 438 1485 477 volvunt,
1514 437 1571 471 vel
1598 448 1665 470 non
1685 438 1890 482 exprimunt
1905 435 2059 470 Divinas
2071 437 2234 470 notiones
2259 434 2301 470 ad
2315 438 2406 468 intra
2420 457 2432 473 ‚

1305 487 1580 522 substantialiter
1602 485 1644 520 de
1662 484 1742 520 Deo
1756 484 1940 520 dicuntur.
2269 483 2346 529 158.
2401 490 2433 515 1.

1257 538 1414 575 Nomina
1433 563 1443 577 ‚
1464 536 1594 582 quibus
1623 537 1872 579 exprimuntur
1896 533 2131 579 perfeafones
2156 533 2297 569 Divina:
2322 531 2434 567 invol-

1307 598 1427 622 ventes
1445 585 1502 620 suo
1533 582 1844 632 mOdoi‘Cspefftum
1868 583 1912 618 ad
1946 594 2150 623 creaturas,
2177 594 2243 617 non
2267 582 2436 616 dicuntur

1309 637 1350 671 de
1369 638 1449 673 Deo
1466 634 1729 669 substantialiter
1748 658 1757 666 .
2269 632 2348 677 158,
2405 641 2435 666 1.

1259 687 1419 725 Nomina
1447 685 1630 731 complura
1653 681 1697 718 de
1722 683 1804 719 Deo
1847 682 1991 730 proprie
2013 682 2263 724 emundantur,
2291 681 2324 715 8<
2347 691 2435 726 qua-

1312 749 1369 774 re·
2274 730 2351 777 158.
2408 741 2437 764 1.

1261 787 1416 824 Nomina
1430 809 1441 826 ‚
1455 795 1532 832 quae
1548 782 1591 818 de
1605 782 1708 824 Deo,
1721 780 1904 817 secundum
1920 779 2139 816 substantiam
2155 780 2318 816 dicuntur
2329 804 2339 820 ‚
2366 789 2437 812 non

1310 836 1384 871 sunt
1397 836 1572 883 synonima
1587 858 1597 874 ,
1622 831 1678 867 ses]
1696 831 1813 874 aliud,
1841 831 1874 866 δι
1889 831 1984 865 aliud
1999 842 2044 865 ex
2071 840 2196 865 natura
2216 832 2265 865 rei
2284 827 2362 876 {piis
2386 839 2438 862 re·

1314 886 1461 934 spondet
1474 881 1703 924 significatum
1724 907 1733 917 .
1938 890 2013 925 159.
2066 891 2097 914 a.
2126 879 2173 915 Et
2188 890 2296 926 quare
2321 879 2392 913 260.
2412 887 2439 914 1.

1263 938 1404 975 Nomen
1423 933 1592 972 Sannum
1626 932 1695 967 Dei
1719 939 1892 978 quatenus
1918 939 2049 963 naturas
2077 929 2219 965 Divinae
2242 927 2441 976 significati-

1314 998 1398 1023 vum
1415 1014 1426 1028 ‚
1441 984 1488 1020 est
1505 987 1641 1030 penitus
1661 979 1984 1016 incommunicabile
2000 1005 2010 1018 ,
2030 979 2063 1013 δι
2091 990 2220 1026 quare.
2278 978 2354 1022 167.
2407 990 2440 1014 2.

1264 1036 1396 1087 Qalis
1411 1037 1534 1072 notitia
1547 1030 1861 1076 aflualisohjee'tis
1874 1028 1912 1064 fit
1930 1029 2074 1064 vei-bum
2092 1029 2170 1074 ejus
2186 1054 2195 1063 .
2278 1029 2354 1074 136.
2411 1039 2439 1062 1.

1263 1088 1407 1126 Nomen
1435 1084 1583 1131 personae
1611 1094 1677 1118 non
1703 1079 1752 1117 est
1770 1080 1912 1126 proprie
1926 1077 2157 1123 expressivum
2182 1080 2444 1124 proprietstum

1317 1137 1459 1172 illorum
1487 1136 1714 1171 terminorum
1731 1157 1741 1172 ‚
1762 1129 1834 1164 esto
1848 1127 1890 1163 sit
1911 1139 2034 1163 nornen
2048 1127 2241 1173 dignitatis.
2276 1138 2355 1174 359.
2414 1136 2440 1160 r.

1267 1187 1410 1225 Nomen
1437 1191 1617 1221 inventurn
1633 1182 1782 1228 personne
1796 1176 1956 1215 instinftu
1973 1179 2128 1224 Spiritus
2143 1175 2286 1220 Saufei,
2298 1187 2338 1212 ut
2351 1186 2395 1211 eo
2408 1172 2447 1208 fi-

1319 1237 1412 1273 deles
1426 1242 1591 1271 utantur.
1609 1233 1768 1270 Ibidem.

1268 1289 1489 1334 Usurpatum
1505 1284 1547 1318 ab
1564 1281 1714 1318 Ecclesia
1735 1279 1862 1315 Latina
1878 1277 1921 1312 ad
1940 1273 2210 1322 exprimendum
2224 1273 2446 1311 substantiam

1319 1334 1589 1373 intelleffmalem
1615 1328 1990 1366 incommunicabiliter
2015 1325 2222 1360 existentem
2243 1351 2252 1360 .
2284 1337 2361 1371 350.
2416 1337 2448 1360 2.

1270 1388 1347 1425 Sub
1357 1398 1400 1422 eo
1418 1388 1562 1420 nomine
1579 1391 1750 1417 venenum
1768 1379 1898 1419 latere,
1919 1373 2097 1423 quomodo
2114 1375 2245 1410 dietum
2266 1373 2307 1410 sit
2325 1375 2344 1411 a
2362 1375 2448 1409 Hie-

1320 1448 1472 1483 ronymo
1488 1461 1496 1469 .
1525 1432 1682 1470 Ibidem.

1269 1488 1424 1526 Nomine
1451 1484 1604 1532 Spiritus
1620 1478 1739 1516 Sanfti
1756 1475 1944 1523 significari
1959 1503 1970 1519 ‚
2001 1476 2220 1522 exprimique
2238 1478 2353 1510 tertia
2367 1473 2449 1508 Per·

1321 1538 1407 1572 sonoe
1435 1533 1576 1571 Divinae
1590 1533 1844 1577 proprietatem
1858 1554 1868 1570 ‚
1894 1525 2115 1561 declaratur.
2292 1535 2332 1570 4.-
2349 1535 2374 1558 1,
2415 1532 2446 1556 2.

1271 1587 1415 1624 Nomen
1443 1583 1623 1632 proprium
1652 1578 1799 1625 alicujus
1823 1576 1982 1612 censetur
2012 1574 2115 1615 illud,
2141 1573 2244 1620 cujus
2271 1585 2332 1619 per
2360 1573 2390 1608 so
2412 1571 2454 1606 si·

1319 1635 1529 1684 gnificatum
1551 1630 1595 1665 fic
1618 1630 1780 1665 convenit
1798 1626 1927 1668 alicui,
1953 1634 1994 1661 ut
2009 1625 2094 1660 nulli
2110 1624 2210 1659 alteri
2227 1624 2271 1658 ab
2286 1623 2355 1668 ἐρῶ
2370 1633 2453 1658 con-

1321 1694 1449 1734 gruat,
1475 1681 1641 1727 resteque
1657 1679 1863 1724 diciqueat.
2283 1682 2363 1719 411.
2418 1683 2450 1707 2,

1272 1738 1453 1774 Notiones
1467 1730 1658 1769 necessario
1675 1729 1747 1763 sunt
1761 1724 1925 1773 ponenda:
1955 1726 1985 1759 in
2005 1723 2151 1760 Divinis
2167 1750 2177 1766 ‚
2209 1730 2249 1757 ut
2263 1719 2452 1758 necessario

1324 1787 1400 1822 sunt
1418 1787 1450 1819 in
1463 1783 1610 1820 Divinis
1625 1779 1780 1815 Personis
1813 1779 2048 1822 proprietates
2062 1801 2072 1817 ‚
2095 1772 2301 1811 earumdem
2329 1771 2454 1806 consti·

1321 1839 1470 1874 sinim,
1493 1828 1767 1867 &distinfflvae.
2293 1820 2372 1869 386.
2425 1830 2454 1858 r.

1271 1888 1418 1924 Nomen
1452 1882 1567 1919 Patris
1609 1878 1659 1918 est
1696 1879 1878 1926 proprium
1925 1875 2047 1923 primae
2087 1874 2233 1921 Peisone
2271 1876 2305 1907 in
2347 1869 2456 1905 Divi-

1322 1942 1398 1973 nis.
2289 1932 2369 1969 493.
2428 1933 2454 1958 1.

1275 1988 1435 2024 Nomina
1450 1985 1593 2031 propria
1620 1981 1837 2020 Divinarum
1864 1976 2093 2012 Personarum
2132 1986 2173 2010 ea
2210 1973 2306 2014 sunt,
2327 1969 2456 2017 quibus

1324 2035 1480 2083 expresse
1507 2032 1724 2082 significatur
1760 2027 1980 2070 earundem,
2020 2027 2054 2062 81
2094 2023 2364 2061 constitutivum
2383 2045 2393 2062 ,
2423 2021 2459 2058 ὃς

1325 2087 1564 2123 distinfiivum
1579 2112 1588 2121 .
2292 2082 2372 2119 393.
2431 2082 2458 2107 1.

1276 2137 1420 2174 Nomen
1450 2138 1560 2175 Pafey·
1594 2132 1794 2179 simpliciter
1829 2127 1925 2175 prius
1952 2126 2079 2162 dicitur
2103 2124 2145 2159 de
2170 2125 2279 2172 prima
2311 2119 2461 2157 Persona,

1327 2188 1464 2224 Divina
1493 2185 1619 2222 Filium
1645 2180 1883 2230 producente,
1907 2174 2012 2225 quim
2030 2188 2092 2224 per
2110 2169 2461 2222 quemcun3ueordi-

1325 2249 1405 2275 nem
1421 2236 1465 2273 ad
1480 2244 1682 2270 creaturas.
2294 2231 2373 2268 394.
2432 2233 2463 2256 2.

1277 2288 1434 2324 Nomina
1451 2285 1638 2322 essentialia
1660 2279 1862 2317 concretive
1876 2277 2038 2324 usurpata
2065 2273 2262 2322 supponunt
2289 2283 2356 2318 pro
2381 2283 2462 2318 per-

1329 2339 1408 2375 sona
1424 2364 1434 2380 ‚
1459 2337 1501 2372 de
1515 2346 1584 2381 qua
1603 2330 1777 2369 verificari
1802 2328 1912 2377 potest
1925 2325 2171 2374 praedicatum.
2286 2333 2372 2368 439.
2430 2331 2458 2356 1.

1277 2390 1395 2426 Notio
1409 2386 1504 2430 est‚id
1521 2396 1581 2432 per
1596 2382 1689 2429 quod
1704 2378 1798 2417 aliud
1818 2378 2002 2414 innotescit
2019 2401 2028 2410 .
2292 2373 2375 2420 386.
2433 2379 2460 2404 1.

1279 2440 1436 2476 Nomina
1455 2434 1639 2473 essentialia
1657 2429 1876 2477 singulariter
1895 2428 2040 2463 omnino
2066 2424 2299 2471 praedicantur
2317 2421 2360 2456 de
2393 2421 2465 2454 tri-

1329 2491 1394 2526 bus
1409 2487 1584 2534 personis,
1612 2482 1656 2517 sic
1694 2490 1736 2517 ut
1773 2477 1969 2514 nullatenus
1993 2485 2197 2511 numeratur
2214 2472 2258 2508 ad
2274 2480 2464 2507 numerum

1331 2549 1453 2575 earum
1469 2565 1478 2574 .
2296 2531 2378 2567 437.
2433 2531 2464 2556 2.

1281 2588 1496 2626 Notionalia
1512 2595 1647 2634 queque
1676 2586 1709 2617 in
1735 2579 1819 2616 Deo
1851 2580 1969 2624 priora
1997 2576 2068 2611 sunt
2099 2570 2463 2609 essentialibusinvol-

1331 2637 1498 2674 ventibus
1516 2632 1706 2683 rel‘peffium
1723 2632 1872 2665 rationis
1890 2628 1932 2662 ad
1947 2636 2128 2661 creaturas
2147 2649 2155 2657 .
2298 2631 2377 2668 395.
2438 2629 2463 2653 1.

1281 2689 1422 2725 Nomen
1440 2686 1591 2734 personae
1605 2710 1615 2726 ‚
1632 2689 1672 2717 ut
1691 2680 1733 2714 de
1750 2680 1863 2715 tribus
1879 2678 2021 2714 Divinis
2038 2674 2196 2721 personis
2213 2667 2466 2713 (11σί111111ςηί-

1333 2738 1417 2774 ficat
1438 2748 1511 2773 rem
1531 2738 1639 2782 prime
1659 2729 1853 2766 intentionis
1867 2755 1877 2769 ,
1904 2737 1978 2774 que
2001 2729 2120 2771 utique
2141 2733 2196 2758 res
2213 2721 2254 2757 de
2268 2721 2385 2756 tribus
2413 2716 2466 2753 di-

1333 2790 1424 2824 citur
1443 2786 1548 2822 rebus
1562 2811 1572 2827 ,
1596 2782 1726 2830 quibus
1741 2777 1925 2814 fruendum
1944 2803 1952 2811 .
2303 2782 2380 2818 373.
2439 2778 2464 2803 1.

1287 2841 1409 2876 Unico
1427 2835 1568 2880 prorsus
1594 2835 1731 2870 nomine
1750 2827 1863 2865 efferri
1883 2825 2020 2875 possunt
2042 2823 2156 2858 multae
2170 2821 2361 2858 relationes
2377 2818 2468 2852 11118-

1337 2899 1403 2936 que
1416 2886 1532 2921 formae
1547 2910 1556 2917 .
2303 2881 2381 2918 377.
2442 2880 2466 2904 1.

1292 2940 1447 2975 Nomina
1471 2932 1658 2969 essentialia
1684 2929 1838 2979 personis
1856 2925 2075 2974 appropriari
2095 2926 2327 2965 ,convenIcns
2346 2918 2466 2953 admo-

1339 2989 1421 3024 dum
1437 2986 1505 3020 fuit
1522 3011 1531 3019 .
2299 2981 2381 3016 445.
2437 2978 2469 3004 2.

1292 3038 1434 3075 Nomen
1461 3036 1590 3076 Deus,
1620 3039 1790 3078 quatenus
1812 3038 1874 3074 per
1893 3025 1999 3071 ipsum
2024 3020 2241 3067 significatur
2253 3030 2376 3056 natura
2394 3019 2469 3053 veri

1343 3088 1435 3127 Dei,
1462 3085 1494 3119 8<
1529 3077 1914 3118 naturaimelleftuaiis
1935 3076 2153 3119 participans
2182 3071 2274 3106 illam
2303 3081 2366 3116 per
2388 3079 2472 3114 gra-

1340 3138 1448 3176 tiam,
1468 3134 1686 3178 &gloriam‚
1710 3130 1742 3162 δι
1764 3128 1895 3173 insuper
1926 3123 2128 3165 intelligitur
2157 3120 2257 3156 Drys
2275 3120 2383 3166 juxta
2408 3116 2471 3151 fal-

1340 3187 1411 3221 sam
1422 3175 1620 3231 opinionem
1635 3206 1645 3221 ,
1669 3178 1715 3214 est
1728 3182 1875 3212 omnino
1890 3177 2108 3220 aequivocum
2126 3196 2138 3211 ,
2157 3168 2244 3206 idest
2270 3169 2396 3203 nullius
2413 3176 2472 3200 ve-

1346 3239 1396 3277 ri,
1419 3234 1453 3269 &
1469 3235 1572 3268 realis
1592 3239 1780 3275 conceptus
1797 3224 2054 3273 expreii'ivuiii,
2081 3222 2140 3267 qui
2171 3217 2208 3256 sit
2225 3218 2390 3255 omnibus
2406 3217 2473 3251 illis

1348 3286 1548 3319 communis
1569 3295 1578 3324 3
1604 3281 1636 3315 81
1654 3289 1762 3325 quare
1779 3304 1786 3311 .
2316 3268 2391 3302 266.
2443 3276 2474 3304 a.

1296 3336 1455 3372 Nomina
1483 3330 1676 3379 personalia
1719 3325 1812 3362 refie
1853 3322 2063 3371 praedicatur
2099 3318 2141 3353 de
2163 3317 2397 3353 essentialibus
2441 3318 2474 3352 in

1345 3391 1511 3420 concreto
1540 3380 1801 3428 pronunciatis,
1826 3386 1906 3409 cum
1945 3373 2000 3407 illa
2024 3368 2260 3410 substantive,
2287 3378 2353 3402 non
2381 3363 2477 3413 adje-

1347 3434 1443 3470 ξὶὶνὸ
1460 3433 1702 3476 accipiuntur.
2309 3426 2394 3461 444.
2450 3426 2478 3452 1.

1298 3485 1359 3522 De
1375 3485 1552 3518 communi
1581 3477 1851 3522 Theologorum
1885 3472 2050 3508 sententia
2080 3469 2116 3502 in
2147 3466 2296 3503 Divinis
2322 3468 2477 3512 quinque

1352 3535 1511 3568 notiones
1526 3528 1774 3564 adstruuntur.
2317 3517 2395 3563 387.
2451 3526 2480 3552 1.

1299 3584 1359 3620 De
1385 3580 1584 3617 notionibus
1610 3578 1711 3612 aliter
1739 3583 1842 3620 atque
1871 3571 1970 3606 aliter
1992 3569 2130 3616 opinari
2156 3566 2266 3607 iicet,
2289 3565 2400 3601 sobrie
2425 3573 2480 3600 ta·

1351 3643 1444 3673 men,
1457 3630 1501 3667 sic
1515 3638 1553 3664 ut
1568 3631 1714 3674 opinans
1739 3633 1884 3670 paratus
1902 3619 1940 3656 sit
1953 3619 2046 3654 suam
2060 3618 2261 3664 opinionem
2275 3613 2452 3662 depone:-
2470 3641 2481 3657 ,

1354 3681 1376 3715 si
1395 3682 1493 3716 aliter
1508 3680 1552 3714 ab
1572 3674 1724 3713 Ecclesia
1737 3672 1926 3709 definiatur
1940 3696 1950 3705 .
2318 3666 2397 3712 389.
2449 3677 2482 3701 2.

1308 3731 1426 3769 Notio
1450 3729 1608 3766 bisariam
1624 3725 1794 3772 accipitur
1808 3749 1818 3758 .
2316 3716 2397 3763 386.
2453 3726 2481 3750 1.

1898 3768 1933 3806 T
1952 3775 1967 3804 t
1983 3776 1997 3804 t
2023 3779 2058 3805 2.
2354 3764 2438 3811 ΝΠ·Δ
