2617 4142
272 235 485 316 rbtddld‘jm
525 246 637 280 curat
655 237 715 288 (e)
729 229 923 301 Qomodo
938 246 1051 300 error
1066 233 1232 277 veritate
1249 167 1431 276 vincatur(
1441 262 1452 283 ,
1470 231 1547 290 fid
1558 166 1812 291 quomoaistea
1824 232 1925 275 dieta
1938 232 2094 276 difflant·
2104 230 2268 276 alterius
2274 234 2540 291 praefi’rantur
2555 268 2566 283 .
2593 258 2594 282 3

273 290 493 359 ἐὶῐζξῇηἶωοξ,
533 297 656 340 Porro
669 309 736 352 qm
754 308 827 335 non
841 291 968 335 verbis
979 294 1171 334 contendit
1183 323 1194 345 ‚
1204 288 1468 357 (ivesubmiſje
1483 291 1583 350 ‚sive
1592 295 1798 352 temperate
1813 323 1824 344 ‚
1825 292 1910 352 sive
1915 294 2125 350 granditer
2140 293 2242 335 dicat
2255 322 2267 343 ‚
2280 294 2325 334 id
2335 295 2462 337 verbis
2472 298 2566 352 agit,
2593 289 2594 338 ζ

278 375 328 402 2³.
525 368 571 399 ut
587 356 732 398 veritas
740 362 876 412 pateat
890 381 902 403 ‚
919 353 1064 395 veritas
1071 354 1226 411 placeat
1241 384 1252 404 ,
1272 354 1417 396 veritas
1431 362 1574 395 moveat
1589 383 1598 393 .
1616 352 1850 407 Perquisivit
1863 354 1995 408 itaque
2012 357 2151 396 Scotus
2167 354 2377 395 veritatem
2397 383 2409 404 ,
2424 366 2463 396 et
2479 359 2564 410 plu·
2593 372 2594 389 2

274 415 327 488 ἓξ)
338 413 450 486 12⁸⁸·
462 415 493 448 ⁶·
526 432 589 460 res
603 417 776 457 aliorum
788 413 995 455 sententias
1012 415 1277 462 examinavit;
1291 414 1384 456 utin
1400 426 1499 456 vera
1509 411 1725 466 quiesceret
1737 441 1749 463 ‚
1762 412 1868 468 juxta
1882 413 1977 455 illud
1994 414 2162 454 Domini
2176 412 2382 455 eonsilium
2399 415 2484 470 (f)
2502 414 2565 457 In.
2593 420 2594 459 l

298 467 354 542 (et)
370 478 493 529 Zenon.
524 472 882 532 terrogatefimitas
899 473 980 516 Dei
994 502 1006 524 ‚
1019 487 1107 530 quae
1119 473 1185 515 via
1199 471 1248 531 est
1261 473 1359 514 bona
1372 503 1383 524 ‚
1397 472 1452 516 69²
1466 471 1659 514 ambulate
1672 472 1715 513 in
1731 485 1775 513 ea
1789 502 1799 512 .
1815 472 1939 528 Qod
1952 473 2004 514 ita
2017 475 2055 514 S.
2073 474 2230 513 Zenoni
2247 472 2434 527 explicuit
2447 477 2466 525 (
2473 478 2537 528 g)
2554 489 2565 517 :
2593 465 2595 507 ἶ

277 544 309 577 in
318 534 402 573 *Pr-«1.
422 552 454 591 {¹
464 553 493 592 7-
524 539 681 582 Multae
692 535 765 578 viae
777 530 1157 590 interrogandaefimt
1168 562 1179 583 ,
1195 531 1252 581 &⁴
1268 533 1311 574 in
1324 533 1455 576 multis
1465 529 1697 590 insistendum
1711 529 1761 589 cst
1775 559 1787 582 ‚
1802 540 1847 574 ut
1857 544 1973 572 unam
1987 545 2070 587 quae
2083 530 2181 573 bona
2195 530 2245 588 est
2257 561 2270 583 ‚
2299 533 2537 574 inveniamus
2549 564 2562 585 ‚
2594 520 2595 529 ἵ

275 591 330 666 ΕΞ
345 587 432 619 &m
446 598 494 619 ‘¹‘
517 609 594 659 per
605 594 971 653 multorumsiilicet
985 591 1196 635 dominam
1212 624 1221 633 .
1240 591 1412 634 Subiicio
1425 592 1474 633 de
1487 591 1594 634 Scoti
1611 591 1737 633 studio
1753 591 1925 634 veritatis
1939 592 2170 646 indagandae
2184 620 2195 641 ,
2211 603 2345 633 mente
2364 600 2497 646 pacata
2511 620 2523 642 ‚
2539 594 2562 636 a

326 655 335 665 ’
527 654 853 701 contentionibus
866 654 990 694 aliena
1004 682 1017 703 ,
1043 653 1156 693 unius
1169 652 1322 694 Paulini
1335 653 1444 695 Berti
1473 650 1745 706 Augustiniani
1775 651 2042 693 testimonium
2055 653 2119 702 (a)
2138 649 2254 694 Nam
2284 665 2368 693 cum
2390 651 2563 704 joannes

526 721 666 761 Scotus
680 745 691 766 ‚
704 715 833 768 inquit
849 710 1117 770 investiganda
1131 712 1309 754 veritatis
1314 711 1444 771 studio
1456 711 1591 752 mentis
1605 711 1723 752 aciem
1727 710 1846 768 paulu
1860 710 1978 751 altius
1995 738 2006 760 ,
2023 723 2136 756 auam
2151 710 2225 751 alii
2238 711 2453 751 intenderet
2471 739 2483 760 ,
2499 723 2570 753 noa

525 792 592 820 vas
606 776 773 819 rationes
788 803 799 824 ,
826 773 879 815 &9³
894 780 1122 827 argumenta
1136 772 1286 814 invenit
1299 799 1311 822 ,
1333 771 1548 829 peculiares
1564 767 1797 825 difficultates
1813 769 2039 825 excogitavit
2053 798 2064 819 ,
2092 770 2190 812 alias
2218 770 2405 827 opiniones
2419 762 2571 826 praeter'

526 848 754 880 communem
765 830 995 891 difirtifflme
1007 840 1143 873 tuetur
1157 859 1169 880 ‚
1198 830 1252 873 ἅθ’
1265 831 1432 874 aliorum
1459 827 1560 871 dieta
1572 838 1687 886 atque
1700 829 1866 871 rationes
1867 828 2036 887 subinde
2049 829 2173 887 carpit
2205 860 2215 870 .
2245 829 2426 885 chfere
2442 830 2567 871 omnia

528 893 794 956 disputationis
800 894 961 950 gratia;
988 891 1129 933 atinde
1142 890 1320 933 veritatis
1349 899 1538 934 amatores
1550 917 1563 941 ,
1586 887 1642 938 &-
1654 884 1853 949 differendi
1856 888 1982 947 periti
1994 888 2179 931 haberent
2190 917 2202 940 ,
2226 888 2270 930 in
2284 885 2571 946 quosilicifflmc²

526 963 804 1000 exercerentur
819 984 829 995 .
2568 954 2572 960 '

327 1035 497 1073 Iasenisur
591 1015 762 1060 LXXV.
795 1011 1023 1055 Obscurum
1040 1019 1173 1052 autem
1187 1009 1259 1052 effe
1272 1039 1285 1061 ‚
1305 1010 1415 1066 quod
1425 1008 1598 1052 secundo
1609 1010 1700 1051 loco
1715 1007 1974 1063 obijciebatur
1992 1038 2003 1059 ‚
2030 1007 2239 1062 dupliciter
2255 1006 2380 1064 potest
2392 1006 2572 1049 accidere

281 1081 405 1131 βωμία
422 1077 500 1118 ⁶bj‘-
533 1077 599 1130 (h)
614 1075 679 1118 vel
687 1074 780 1132 quia
793 1073 836 1114 de
850 1068 1039 1128 industria
1048 1070 1106 1111 ita
1115 1070 1200 1128 quis
1214 1072 1248 1113 lo
1275 1080 1410 1122 natur,
1421 1079 1466 1112 ut
1478 1083 1550 1111 non
1562 1069 1820 1124 intelligatur,
1833 1078 1877 1111 ut
1889 1068 2118 1112 Heraclitus
2131 1080 2360 1125 cognomento
2373 1065 2570 1118 Σκὸἴεινές
2610 1106 2612 1109 ,

284 1127 343 1210 {gg
352 1146 390 1198 'Ci
393 1176 464 1197 cero
476 1163 498 1195 1.
528 1134 710 1196 perhibet
723 1163 734 1184 ,
749 1132 842 1190 quia
853 1130 897 1172 de
908 1138 1053 1172 natura
1065 1129 1178 1171 nimis
1194 1084 1349 1189 objcure
1362 1129 1585 1172 memoravit
1601 1143 1611 1170 :
1626 1138 1696 1172 aut
1709 1143 1793 1171 cum
1810 1138 1943 1172 rerum
1956 1126 2165 1187 obst-oritas
2178 1158 2190 1179 ,
2204 1143 2278 1171 non
2293 1134 2497 1177 verborum
2502 1135 2572 1193 βι-
2608 1141 2612 1178 i

287 1212 362 1245 „de
373 1213 431 1242 fine
444 1210 502 1239 bo-
537 1196 591 1238 cit
604 1203 672 1245 ,ut
686 1207 759 1236 non
772 1190 1020 1245 intelligatur
1035 1189 1158 1233 oratio
1175 1191 1322 1249 :qualis
1339 1187 1444 1249 estin
1464 1187 1588 1246 Timgo
1609 1189 1779 1231 Platonis
1792 1218 1804 1239 ,
1837 1190 1974 1230 Scotus
1991 1189 2134 1244 stylum
2149 1217 2161 1238 ‚
2175 1199 2215 1229 et
2226 1194 2463 1236 methodum
2479 1197 2571 1237 ada-
2609 1215 2612 1237 ;

288 1266 350 1292 no,
363 1256 390 1288 δι
404 1253 500 1286 malo.
537 1253 664 1313 ptavit
679 1250 988 1309 profundiffimis
1004 1278 1016 1301 ,
1028 1264 1117 1305 quae
1132 1250 1362 1294 discutiebat
1375 1279 1386 1301 ‚
1399 1251 1550 1291 arcanis
1570 1281 1579 1290 .
1591 1251 1668 1290 Per
1680 1247 1956 1291 universorum
1971 1248 2237 1303 Theologiam
2256 1278 2268 1299 ,
2279 1261 2319 1291 et
2328 1254 2573 1311 Metaphyfi-
2610 1261 2617 1296 2

540 1329 628 1358 cam
644 1343 655 1365 ‚
667 1314 706 1355 in
724 1309 964 1353 naturalibus
980 1338 992 1360 ,
1006 1320 1046 1351 et
1059 1310 1419 1364 supernaturalibus
1434 1309 1597 1353 scientiis
1614 1308 1763 1351 subtilia
1780 1309 2017 1363 excogitavit
2032 1318 2266 1363 argumenta
2283 1338 2294 1359 ,
2324 1326 2447 1356 novas
2462 1316 2574 1357 adin-

540 1374 652 1420 venit
665 1372 896 1428 quaestiones
913 1399 925 1421 ,
940 1368 1167 1412 abscondita
1177 1372 1321 1412 detexit
1334 1370 1519 1427 mysteria
1532 1387 1543 1420 3
1557 1382 1681 1423 quare
1693 1368 1870 1410 sublimia
1888 1381 2023 1409 rerum
2040 1369 2229 1422 principia
2241 1368 2429 1413 subtiliter
2443 1373 2576 1428 specu.
2598 1392 2611 1416 ῃ

542 1437 638 1480 latus
650 1463 663 1485 ,
678 1434 772 1475 nihil
786 1432 934 1472 mirum
948 1459 960 1481 ‚
974 1429 1001 1471 fi
1013 1431 1162 1472 terreni
1177 1428 1302 1474 sensus
1315 1429 1503 1472 obtutum
1517 1459 1530 1480 ,
1543 1430 1680 1472 velunt
1696 1430 1799 1470 inter
1819 1427 1942 1471 nubes
1959 1428 2105 1482 Aquila
2119 1457 2130 1478 ,
2146 1427 2409 1482 supervolarit
2425 1461 2436 1481 ,
2470 1435 2577 1476 humi
2601 1429 2606 1476 ,⁴

545 1492 772 1550 repentibus
785 1489 960 1532 obscuris
977 1518 989 1541 ,
1018 1489 1159 1545 quibus
1178 1491 1217 1533 id
1232 1491 1420 1532 duntaxat
1434 1504 1576 1532 verum
1590 1489 1644 1531 est
1658 1518 1670 1540 ‚
1702 1499 1742 1530 et
1756 1490 1906 1529 clarum
1923 1517 1934 1538 ‚
1967 1490 2078 1541 quod
2099 1488 2277 1529 inanibus
2294 1492 2480 1546 palpant,
2516 1503 2579 1536 aut
2601 1512 2608 1534 ,-

287 1587 342 1628 (ε)
350 1584 506 1617 Trithem.
543 1553 724 1597 sensuum
739 1551 825 1593 rudi
839 1551 1023 1592 contactu
1036 1561 1225 1593 exercent
1254 1581 1264 1591 .
1294 1552 1339 1592 In
1355 1547 1668 1604 profunditatem
1687 1549 1968 1605 mysteriorum
1998 1546 2276 1589 obscuritatem
2307 1553 2439 1605 operis
2456 1552 2579 1607 rejicit
2602 1571 2611 1595 ς.

291 1630 329 1660 de
359 1629 505 1668 scriptor.
545 1613 790 1658 Trithemius
807 1614 866 1663 (c)
880 1639 892 1661 ,
907 1610 1040 1652 dicens
1055 1623 1065 1650 τ
1081 1607 1317 1671 Dobiifflntus
1331 1611 1470 1651 Scotus
1485 1638 1497 1659 ‚
1526 1608 1581 1651 Εἴ
1593 1608 1682 1650 adeo
1697 1607 1903 1665 profundus
1918 1635 1929 1656 ‚
1953 1616 1998 1648 ut
2012 1607 2088 1662 ejus
2088 1606 2240 1664 stripta
2243 1611 2378 1666 paucis
2387 1609 2463 1665 sint
2466 1622 2582 1670 pene-
2600 1636 2603 1645 η.

287 1673 346 1715 (³¹)
355 1674 506 1740 0⁰¹·¹³'¹·-
544 1673 709 1719 trabilia
726 1702 736 1712 .
749 1673 802 1713 Et
819 1668 1015 1713 Antonius
1029 1672 1282 1713 Contarenus
1298 1668 1364 1726 (d)
1378 1670 1605 1711 patriarcha
1619 1665 1875 1722 Aquileiensis
1890 1679 1898 1706 :
1934 1664 2082 1724 Serl‘pta
2099 1663 2174 1721 ejus
2189 1662 2580 1728 reconditifstmossen⁴
2604 1699 2606 1702 s

315 1762 322 1767 -
563 1750 606 1778 us
647 1747 671 1774 a
699 1740 762 1774 ent
775 1763 784 1772 .
840 1744 885 1771 ac
897 1740 1014 1771 enam
1032 1740 1184 1770 ratione
1198 1745 1225 1772 o
1270 1743 1385 1772 curus
1403 1743 1473 1770 mu
1490 1738 1534 1770 tis
1546 1742 1586 1768 m
1617 1742 1697 1769 ocis
1755 1740 1833 1766 uou
1866 1740 1964 1776 mus,
1979 1739 2004 1766 o
2052 1740 2165 1767 curus
2220 1730 2406 1770 ristoteles
2444 1731 2580 1773 obscu-

289 1717 696 1795 {322d'sss‘shh
795 1732 838 1774 H
1094 1731 1101 1737 ·
1225 1728 1280 1771 bs
1476 1725 1875 1780 1··1·A„st·
2008 1726 2061 1767 bs
2180 1729 2249 1768 A·
2420 1759 2431 1779 ,

337 1809 387 1845 [e]
398 1803 507 1835 Petrus
548 1809 611 1837 rus
628 1796 739 1835 Plato
754 1820 765 1840 ,
782 1789 968 1832 obscurus
984 1791 1024 1830 &
1041 1789 1116 1845 ipse
1132 1790 1272 1832 Paulus
1288 1789 1497 1843 Apostolus
1511 1817 1523 1838 ‚
1537 1788 1577 1828 in
1594 1787 1701 1841 eujus
1718 1786 1897 1841 Epistolis
1912 1785 2009 1826 dixit
2021 1788 2058 1827 S.
2073 1787 2212 1827 Petrus
2230 1801 2239 1827 :
2255 1792 2315 1843 (e)
2330 1789 2499 1845 quadarn
2515 1785 2578 1850 effe
2598 1827 2602 1838 ,,

293 1848 351 1892 Ep.
367 1861 396 1892 3·
410 1860 442 1880 ¹¹·
458 1852 508 1880 ¹⁶·
544 1852 713 1910 difficilia
729 1847 925 1893 intelleela
936 1878 947 1900 ‚
959 1863 1042 1907 quae
1057 1845 1196 1891 indob'li
1211 1879 1222 1900 ,
1235 1849 1289 1891 &
1300 1846 1492 1906 instabiles
1507 1847 1715 1904 depravant
1730 1878 1738 1887 .
1755 1845 1880 1900 Qod
1897 1845 1947 1885 de
1962 1845 2026 1886 illa
2039 1874 2050 1895 ‚
2078 1859 2200 1898 quam
2214 1845 2359 1903 scripsit
2369 1851 2418 1889 ad
2432 1852 2581 1893 Roma-
2598 1882 2602 1886 ⁷

544 1929 617 1957 nos
634 1943 646 1964 ‚
660 1910 902 1969 potiffimum
916 1909 1142 1964 intelligunt
1156 1909 1415 1963 interpretes;
1436 1908 1478 1948 in
1489 1908 1569 1961 quit
1589 1907 1745 1949 vocatio
1758 1905 1954 1947 Gentium
1969 1934 1981 1955 ,
2011 1904 2240 1959 reprobatio
2257 1908 2472 1950 iudeorum
2489 1939 2499 1959 ,
2526 1911 2582 1951 al}
2603 1930 2617 1950 v

542 1973 682 2016 tiffima
697 1972 838 2013 divinae
851 1967 1200 2011 Predestinationis
1217 1998 1229 2019 ,
1254 1970 1294 2010 &
1310 1967 1509 2009 electionis
1539 1968 1723 2025 mysteria
1738 1994 1749 2016 ,
1779 1978 1863 2006 non
1877 1978 1924 2005 ex
1938 1967 2116 2007 humano
2131 1964 2241 2007 sensu
2263 1969 2446 2010 tranavit
2471 1969 2582 2025 Apo-
2597 1984 2617 2011 {sl

305 2043 357 2084 (f)
372 2041 510 2072 Roman·
544 2036 660 2079 stolus
675 2062 686 2083 ‚
719 2032 795 2073 Dei
808 2029 954 2083 Spiritu
967 2027 1123 2070 inflatus
1139 2057 1150 2078 ‚
1181 2029 1231 2070 ad
1246 2027 1419 2082 mysterij
1435 2056 1446 2078 ,
1473 2028 1515 2068 δε
1537 2027 1756 2080 quaestionis
1782 2023 2059 2066 obscuritatem
2087 2023 2280 2079 suspensus
2308 2038 2427 2082 atque
2456 2031 2583 2071 excla-
2596 2032 2617 2077 υ]

295 2096 349 2119 ⁸¹·
359 2096 391 2118 ¹³·
403 2093 455 2126 33·
545 2107 658 2136 mans
671 2091 754 2147 (f)
765 2088 1007 2132 altitudinem
1020 2085 1429 2147 divitiarumfiientiae
1441 2116 1453 2138 ,
1481 2083 1746 2145 &sapientia
1762 2085 1865 2136 Dei,
1893 2083 2280 2144 inconprehensibilia
2283 2084 2437 2143 judicia
2448 2117 2461 2138 ‚
2473 2097 2583 2147 atquo
2596 2097 2611 2134 i·

544 2150 821 2209 investigabiles
837 2149 918 2190 vias
929 2145 1007 2202 ejus
1023 2178 1034 2189 .

605 2211 793 2256 LXXVL
827 2208 936 2264 Qd
951 2209 1084 2261 itaque
1113 2207 1444 2250 condemnandus
1473 2208 1610 2249 Scotus
1628 2235 1639 2255 ,
1668 2205 1738 2260 qui
1753 2202 1954 2260 profunda
1978 2204 2052 2246 Dei
2086 2203 2272 2246 scrutatus
2297 2206 2349 2248 est
2382 2221 2582 2259 arcana-2,
2596 2227 2609 2252 μ

547 2282 761 2329 propterea
786 2269 878 2322 quia
902 2281 987 2308 non
1003 2270 1295 2322 complanavit,
1316 2281 1404 2322 quae
1417 2265 1481 2307 alii
1504 2267 1632 2308 arduo
1650 2279 1733 2306 non
1751 2263 1906 2319 possunt
1920 2263 2046 2305 studio
2062 2265 2300 2319 percipere?
2326 2267 2611 2321 Propterea-,s

548 2331 776 2387 judicandus
793 2327 981 2369 obscurus
996 2356 1008 2377 ,
1033 2329 1126 2380 quia
1142 2326 1308 2369 obscura
1338 2325 1567 2381 ponderose
1594 2325 1776 2367 tranavit
1787 2353 1799 2373 ,
1830 2325 1870 2364 &
1884 2323 1975 2377 quia
2004 2325 2142 2377 puerili
2159 2324 2280 2366 obvia
2307 2339 2391 2366 non
2421 2326 2512 2368 fecit
2529 2329 2611 2368 in-rss

549 2392 698 2449 genio?
724 2388 902 2444 Qidam
916 2385 1004 2429 sunt
1017 2387 1212 2428 delicatuli
1228 2416 1239 2435 ,
1270 2389 1340 2441 qui
1368 2385 1514 2439 absque
1531 2386 1618 2426 ullo
1640 2384 1779 2425 labore
1794 2384 1930 2423 omnia
1956 2381 2025 2424 fibi
2040 2385 2185 2425 vellent
2199 2385 2336 2439 pervia
2351 2415 2363 2435 ‚
2389 2388 2431 2427 &
2454 2386 2611 2430 dum-,n

550 2450 726 2493 altissima
743 2462 823 2490 non
839 2447 1059 2502 percipiunt
1074 2446 1258 2503 mysteria
1272 2476 1283 2497 ,
1308 2459 1392 2488 non
1408 2448 1486 2487 hoe
1502 2444 1571 2486 suo
1587 2445 1783 2498 imputant
1797 2442 1981 2484 imbecilli
1995 2443 2157 2496 ingenio
2174 2459 2184 2492 3
2215 2442 2280 2485 sed
2297 2445 2513 2486 docentem
2530 2435 2611 2494 fa-s'l

452 2556 462 2564 ‚
552 2511 626 2554 cile
650 2509 895 2551 obscuritatis
915 2505 1093 2548 incusant
1119 2537 1128 2548 .
1156 2507 1321 2561 Iniquos
1339 2507 1380 2546 &
1408 2505 1560 2558 ineptos
1590 2507 1661 2544 hos
1675 2502 1819 2556 judices
1848 2512 1936 2557 apte
1969 2503 2174 2556 redarguit
2193 2503 2310 2556 judas
2340 2506 2550 2560 Apostolus
2578 2497 2611 2548 ,Ξ

301 2555 517 2634 Ξξέἐῗῇᾟζ
554 2577 611 2627 (g
627 2572 645 2628 )
662 2568 912 2629 Qaecunque
940 2566 1090 2623 quidem
1104 2595 1116 2616 ‚
1147 2567 1277 2620 inquit
1293 2594 1304 2616 ‚
1337 2564 1540 2620 ignorant,
1571 2561 1829 2620 blasphemant
1851 2577 1861 2611 ;
1904 2574 2134 2618 quacunque
2159 2571 2288 2604 autem
2310 2565 2552 2606 naturaliter
2575 2552 2613 2622 ,ᾗ

302 2648 359 2687 (ιη)
372 2623 517 2687 ρῇτῖυᾱιῖ
553 2642 735 2688 tanquam
749 2637 855 2669 muta
868 2626 1054 2669 animalia
1064 2636 1207 2669 norunt
1219 2626 1261 2668 in
1275 2625 1334 2666 his
1348 2633 1646 2681 corrumpuntur
1673 2653 1683 2664 .
1707 2621 1768 2664 Hi
1769 2619 1869 2678 sunt
1882 2630 2183 2662 murmuratores
2209 2621 2413 2681 quaerulos?
2423 2653 2434 2674 ‚
2447 2621 2612 2681 fiam&

303 2690 391 2728 Ipan.
415 2690 471 2722 lib.
489 2699 515 2720 ¹·
554 2693 643 2734 dum
670 2685 851 2744 desideria
867 2683 946 2744 fua
968 2686 1209 2728 ambulantes
1223 2715 1235 2736 ‚
1261 2684 1315 2726 ἐφ’
1340 2698 1377 2726 os
1406 2697 1533 2739 eorum
1560 2682 1734 2739 loquitur
1750 2678 1976 2739 superbiant
1989 2711 2000 2730 ‚
2031 2681 2213 2723 mirantes
2239 2679 2411 2739 personas
2436 2671 2611 2740 quaestus}

303 2745 332 2765 ε’
345 2744 395 2766 ²¹·
545 2751 686 2807 gratia
713 2780 723 2790 .
746 2747 920 2790 Eosdem
935 2745 1050 2787 simili
1077 2744 1205 2788 affecit
1225 2742 1387 2796 censura
1402 2742 1452 2784 D.
1469 2743 1641 2800 Cyrillus
1656 2741 1946 2785 Alexandrinus
1961 2742 2026 2794 (h)
2051 2754 2059 2780 ε
2094 2727 2343 2798 Fatuffstine
2369 2736 2611 2800 confitetudoff

554 2813 632 2854 haec
650 2807 699 2866 ⁶ss
712 2839 723 2860 ‚
738 2804 888 2866 semper
902 2804 1001 2846 enim
1003 2802 1228 2863 sublimiori
1241 2803 1442 2854 dob‘lrinae,
1468 2816 1581 2859 quam
1595 2799 1665 2860 ipsi
1670 2815 1743 2842 non
1756 2801 1980 2855 intelligunt
1993 2829 2004 2850 ‚
2029 2800 2232 2842 detrahere
2248 2797 2372 2857 fhlent
2390 2831 2401 2851 ,
2433 2789 2611 2860 cumquetl

554 2869 749 2912 attendere
759 2866 878 2922 magis
889 2864 1068 2907 deberent
1081 2894 1092 2915 ‚
1107 2864 1162 2913 όν
1168 2862 1392 2923 subtilitate
1408 2877 1541 2905 rerum
1552 2861 1698 2904 elevari
1715 2890 1725 2910 ‚
1746 2870 1879 2901 contra
1889 2860 2122 2905 dejiciuntur
2135 2888 2146 2910 ,
2158 2860 2298 2902 aarum
2308 2861 2499 2918 appellant
2502 2854 2611 2919 ser-:i

556 2943 698 2972 monem
712 2958 722 2978 ‚
750 2941 860 2984 quem
869 2925 1060 2967 admirari
1083 2925 1261 2967 deberent
1286 2955 1296 2964 .
1335 2921 1436 2965 Nn
1461 2923 1581 2965 aliter
1594 2921 1741 2977 igitur,
1765 2934 1880 2976 quain
1892 2920 2063 2974 edentuli
2065 2916 2214 2975 soleant
2227 2949 2238 2969 ,
2262 2921 2437 2962 molliora
2451 2918 2612 2975 eninuj

558 2990 706 3044 eligunt
722 2988 925 3034 elementa,
948 2982 1094 3042 etiarnsi
1107 2981 1352 3042 peiorafint3
1365 2979 1554 3040 solidiora
1568 2982 1659 3023 vero
1673 3009 1684 3029 ‚
1709 2994 1754 3021 ac
1767 2979 1926 3020 meliora
1950 2979 2077 3021 edulia
2098 2980 2318 3036 magnopere
2343 2980 2566 3038 vituperant
2574 2973 2611 3033 ,i

560 3042 947 3105 egrotationemsuam
966 3046 1091 3086 celare
1103 3042 1296 3102 studentes
1311 3072 1323 3093 ‚
1353 3043 1486 3084 mentis
1512 3054 1657 3098 quoque
1666 3039 1840 3081 acumine
1843 3040 1998 3097 privati
1999 3036 2207 3096 silentiam
2216 3038 2428 3081 abhorrere
2439 3036 2566 3098 solent
2577 3028 2611 3092 ,ἒ

557 3122 644 3166 qua·
652 3103 910 3163 magnostudio
921 3133 932 3154 ‚
960 3118 1169 3162 magnaque
1185 3114 1297 3161 opera
1308 3096 1390 3162 cffet
1404 3100 1659 3159 conquirenda
1672 3128 1682 3140 .
2599 3090 2611 3122 ’ἶ

736 3225 1005 3294 SCOTl
1040 3220 1323 3294 doetrina
1353 3221 1678 3289 maltorum
1710 3219 2106 3287 comendatur
2138 3218 2352 3307 elogijs
2383 3268 2399 3281 .
2449 3170 2453 3173 -

1173 3340 1602 3419 CAPLlT
1721 3370 1994 3416 XVIII,

565 3524 774 3570 LXXVII.
925 3523 1160 3566 Onfirmant
1172 3526 1253 3565 haee
1266 3550 1279 3572 ‚
1308 3521 1438 3577 elogia
1452 3520 1652 3564 variarum
1665 3521 1894 3561 Authorum
1910 3547 1921 3568 ,
1933 3530 2021 3572 quae
2036 3513 2349 3571 profunditatem
2362 3519 2402 3559 δε
2418 3514 2586 3559 subtilita·
2598 3533 2610 3553 ·.

335 3630 342 3638 ,
498 3633 505 3640 ,
942 3595 1022 3626 tem
1037 3585 1075 3625 in
1088 3585 1169 3639 ejus
1184 3579 1369 3638 operibus
1383 3611 1394 3631 ,
1409 3581 1724 3628 Commendant,
1743 3581 1783 3620 &
1797 3579 1927 3620 multis
1942 3578 2058 3619 titulis
2071 3576 2259 3617 illustrem
2277 3577 2357 3628 ejus
2375 3578 2586 3619 voluntdo·

312 3633 528 3714 ἓξιὲἲξζὲιω
569 3645 741 3688 &tinam
761 3675 770 3684 .
785 3645 903 3685 Plura
918 3643 1145 3698 opportune
1159 3642 1230 3684 suis
1245 3642 1339 3682 loeis
1352 3641 1531 3683 dedimus
1545 3638 1716 3695 superius
1728 3655 1738 3689 3
1752 3639 1824 3680 alia
1838 3636 2007 3679 hiclibet
2018 3634 2441 3688 subnestere.Joa11nes
2457 3637 2506 3677 de
2519 3638 2608 3678 Ram*

404 3702 412 3711 ⁶
501 3700 509 3710 '
571 3704 682 3760 gufio
699 3704 781 3755 (i),
798 3703 858 3745 vir
872 3703 1014 3745 doetus
1028 3732 1039 3753 ,
1054 3699 1340 3745 Praedicatoriae
1354 3701 1522 3742 Familiae
1536 3700 1599 3751 ,in
1613 3698 1794 3739 oratione
1810 3727 1823 3749 ,
1836 3710 1958 3752 quam
1974 3694 2109 3736 habuit
2125 3694 2164 3735 in
2179 3695 2366 3737 Concilio
2380 3693 2585 3744 Basili-eiiii,

570 3765 621 3806 de
634 3762 924 3806 communione
940 3762 1008 3805 sub
1021 3773 1190 3815 utraque
1205 3760 1342 3817 speeie,
1358 3763 1399 3802 δι
1413 3760 1580 3803 habetur
1594 3758 1643 3799 ad
1656 3758 1803 3800 calcem
1819 3757 1994 3810 ejusdem
2009 3754 2191 3796 Concilii:
2205 3755 2341 3796 Scotus
2355 3785 2366 3805 ‚
2382 3757 2585 3810 inquit,pra
2606 3790 2610 3793 .

577 3823 808 3876 altitudine,
824 3820 1106 3881 &subtilitate
1118 3820 1291 3865 donrina
1302 3817 1586 3878 antonomastice
1613 3831 1742 3879 nomen
1756 3817 1938 3860 Dostoris
1952 3813 2107 3858 Subtilis
2123 3812 2166 3855 in
2182 3811 2320 3858 Scholis
2333 3815 2499 3856 obtinuit
2516 3807 2583 3855 &e

2351 3877 2387 3916 S.
2403 3877 2533 3916 Anto-
