2600 4142
327 170 472 235 42⁰

327 240 530 280 voluntatis
549 236 714 274 foeeundae
728 235 762 272 in
778 236 807 274 se
820 264 831 281 ‚
853 241 946 287 quod
969 241 1012 275 de
1024 241 1101 287 ¹ilia
1126 243 1297 288 procede-

325 305 381 330 ret
402 291 505 336 juxta
521 299 681 324 naturam
708 287 786 334 ejus
800 291 1008 336 procederet
1024 301 1034 324 ε
1053 303 1142 336 ergo
1158 289 1180 325 si
1194 291 1237 327 de
1252 296 1296 327 in-

325 343 427 379 finita
456 339 644 374 dileat-‘tione
661 337 792 386 objecti
811 339 1027 386 produceret
1043 367 1054 383 ‚
1081 340 1295 388 produetum

324 394 444 428 exiret
459 417 470 432 ,
496 399 537 424 ut
551 400 678 435 amoru:
690 399 759 423 non
776 401 862 435 ergo
890 390 1021 427 subiret
1035 393 1068 426 in
1082 392 1138 426 sua
1150 390 1294 427 essentia.

326 444 566 477 mutationem
584 438 692 473 ullam
711 442 813 474 tertia
828 439 986 487 persona,
1002 439 1024 476 si
1042 445 1158 477 exiret
1171 440 1189 477 a
1201 444 1295 486 prin·

322 490 420 536 cipio
435 488 633 524 inexistenti
647 489 704 523 uni
722 489 975 536 suppositorum
991 517 1003 533 ,
1027 489 1134 527 modo
1159 489 1293 538 produ-

321 548 462 575 ceretur
475 550 537 584 per
553 536 695 574 modum
713 539 904 576 voluntatis
917 567 925 577 .
943 539 1050 579 Unde
1071 539 1293 586 Augustinus

320 591 526 638 praecitatus
553 588 621 625 Ad
643 586 829 635 oppoffiam
860 591 992 627 nullam
1013 591 1172 636 agnoscit
1191 589 1292 626 diffe-

325 641 478 674 rentiam
503 641 594 672 inter
616 637 738 674 a5lum
768 638 937 686 spirandi,
966 640 999 675 8<
1023 640 1291 688 creandiquoad

323 691 500 724 rationem
522 689 710 733 principiit
731 699 840 736 quare
864 688 964 725 sicuti
982 702 1043 735 per
1066 690 1289 728 intellectum

319 736 588 782 circumscripta
619 735 801 776 Trinitate
814 766 825 781 ‚
840 738 1024 785 superesset
1039 743 1071 775 in
1082 751 1149 775 una
1165 741 1291 776 volun-

319 797 397 824 tate
422 786 546 822 divina
572 790 628 824 vis
656 790 818 835 proxime
845 793 1030 826 creativa:
1053 792 1106 825 ita
1122 790 1288 826 &inuno

317 834 496 883 supposito
513 835 627 872 Patris
654 839 908 884 intelligeretur
931 839 1097 886 proxima
1121 839 1289 876 foecundi-

317 895 377 921 tas
409 887 601 921 voluntatis
616 887 771 935 respectu
787 886 1007 934 processlonis
1022 890 1184 934 Spiritus
1198 890 1289 927 San—

316 933 364 969 fu
379 961 388 969 .
421 935 608 983 Denique,
629 950 675 973 ex
693 950 738 973 eo
752 937 803 978 isti
816 947 946 983 putant
960 942 992 974 in
1007 939 1079 974 solo
1096 938 1199 977 Patre
1212 938 1288 977 fore

317 984 543 1020 voluntatem
572 994 706 1023 tantum
723 989 864 1024 'remote
887 989 1044 1035 Spiritus
1070 990 1191 1028 Sanffl
1208 1002 1289 1038 pro-

317 1033 516 1078 ὀαξὶίνεητ,
530 1039 613 1083 quia
627 1036 783 1074 statuunt
796 1043 1043 1075 emanationes
1055 1039 1287 1087 personarum

316 1082 485 1129 distingui
500 1111 511 1127 ,
535 1087 619 1131 quia
632 1090 743 1130 prima
759 1086 807 1123 est
822 1085 841 1123 a
858 1087 928 1125 solo
946 1087 1071 1132 Patre,
1095 1089 1207 1128 altera
1223 1104 1287 1127 ve·

314 1144 359 1167 10
384 1134 402 1169 a
418 1133 546 1178 Patre,
566 1134 600 1170 ἃ
623 1134 715 1172 Fisio
728 1163 737 1172 .
761 1135 835 1174 Sed
849 1148 911 1173 nos
925 1138 994 1174 hac
1007 1139 1178 1179 sententia
1194 1140 1286 1188 reje-

314 1182 374 1217 fta
404 1195 473 1219 non
497 1184 637 1222 aliunde
668 1187 807 1222 divinas
832 1187 1067 1235 processiones
1094 1190 1286 1237 distingui,

311 1243 421 1279 quam
445 1245 490 1269 ex
504 1236 820 1283 propriisipsarum
846 1237 1053 1275 formalibus
1081 1241 1284 1276 rationibus

312 1282 530 1320 ostendimus
548 1311 560 1328 ,
581 1285 680 1333 supra
693 1287 804 1336 quaest.
820 1298 875 1339 27.
890 1299 962 1327 art.
975 1302 1009 1337 4.
1024 1292 1085 1338 qui
1097 1291 1131 1333 ξι
1159 1290 1285 1333 viden-

312 1333 384 1369 dus
403 1360 414 1369 .
989 1341 991 1343 ’
1038 1343 1042 1344 ’

369 1383 584 1431 Respondeo
604 1397 692 1434 ergo
717 1388 761 1424 ad
792 1389 970 1428 indusium
1006 1400 1282 1439 argumentum,

313 1431 472 1476 Patrem,
491 1435 524 1469 8<
540 1435 665 1473 Filium
685 1437 812 1485 spirare
835 1441 1008 1487 Spiritum
1024 1441 1196 1480 Sani-‘lum
1214 1444 1285 1485 ‚in-

310 1493 486 1531 quantum
501 1484 577 1523 nint
592 1492 736 1524 omnino
750 1500 882 1527 unumt
907 1503 977 1528 non
1001 1492 1148 1542 quidem
1174 1504 1284 1528 unum

312 1538 351 1569 in
377 1533 544 1580 essentia,
566 1544 627 1571 aut
651 1549 757 1573 unum
774 1543 808 1573 in
836 1543 982 1586 persona
996 1544 1017 1585 ,’
1032 1543 1086 1577 sed
1110 1551 1283 1590 quatenus

284 1612 289 1617 ,
310 1595 421 1619 unum
447 1584 480 1617 in
497 1588 530 1619 vi
552 1585 736 1632 spirativa.
752 1587 798 1623 Et
814 1600 895 1625 cum
918 1590 1085 1634 infertur,
1098 1594 1181 1638 quia
1200 1599 1286 1624 tunc

308 1633 423 1669 Pater
442 1632 534 1668 foret
564 1634 636 1670 duo
656 1641 828 1684 principia
845 1637 1081 1685 produftiva,
1106 1641 1156 1676 ob
1172 1639 1287 1686 dupli-

313 1696 392 1718 cem
415 1681 678 1722 fcecunditatem
695 1686 725 1720 in
745 1687 819 1733 ipso
838 1699 1040 1737 repertam.
1056 1689 1286 1737 Consequen-

309 1735 363 1769 tia
381 1731 429 1768 est
458 1734 630 1780 neganda:
651 1745 839 1783 propterea
854 1739 950 1784 quod
964 1739 1192 1787 producentia
1210 1740 1284 1782 psu-

310 1795 352 1818 1a
367 1795 436 1818 non
452 1782 526 1818 sunt
538 1810 549 1826 ‚
574 1784 633 1820 nisi
661 1790 874 1825 interveniat
888 1791 1075 1835 pluralitas
1092 1786 1284 1835 supposito·

309 1844 413 1867 rum:
437 1844 504 1866 non
522 1837 615 1869 enim
639 1837 765 1882 aliquis
790 1837 921 1872 dicitur
943 1840 1060 1884 plures
1077 1838 1223 1877 scientes
1238 1849 1285 1873 ex·

312 1895 359 1918 eo
381 1881 474 1929 quod
502 1884 631 1919 habeat
656 1886 777 1931 plures
795 1887 957 1921 scientias
970 1913 980 1927 ‚
995 1886 1049 1922 sed
1066 1898 1159 1922 unus
1170 1890 1283 1922 omni-

307 1944 370 2016 :no1
384 1931 431 1966 est
446 1932 555 1968 sciens
568 1961 578 1977 ,
602 1935 685 1982 quia
699 1937 803 1972 unius
830 1935 993 1987 suppositi
1009 1936 1084 1973 sunt
1099 1935 1217 1984 plures
1229 1936 1284 1978 fa-

308 1993 355 2018 cu
374 1990 466 2018 tates
478 2007 488 2016 .

466 2080 592 2119 ITER
601 2083 686 2124 UM
713 2084 1035 2127 ‚ARTICULUS
1062 2086 1133 2127 IV.

333 2183 474 2221 Utrum
488 2182 597 2220 Pater
613 2211 625 2232 ,
647 2185 681 2219 ἃ
698 2185 812 2222 Filius
831 2186 893 2223 fint
923 2200 1034 2225 unum
1045 2189 1259 2236 principium

628 2236 788 2281 Spiritus
817 2238 943 2278 Sansti
957 2265 968 2280 0

311 2379 314 2382 .
356 2331 511 2375 Dofior,
534 2332 574 2373 ἐῢ
588 2336 626 2371 S.
646 2335 764 2375 Thous.
781 2346 849 2374 art.
863 2339 1078 2385 praecedenti
1092 2339 1226 2376 citatis.

536 2384 657 2424 Henr.
673 2390 712 2422 in
725 2391 899 2437 Sum.q.6,
911 2398 983 2429 art.
1000 2402 1056 2437 54.

348 2484 379 2569 ki
442 2537 548 2568 ritum
573 2534 742 2571 Sanstum
763 2548 803 2574 ut
834 2537 951 2583 plures
966 2564 975 2574 .
998 2539 1096 2574 Nam
1109 2539 1277 2585 quamvis

307 2585 430 2617 virtus
446 2582 607 2627 spirativa
623 2595 691 2626 una
723 2585 764 2623 fit
782 2591 976 2624 omninoin
988 2589 1092 2627 Patre
1104 2616 1115 2629 ,
1129 2588 1162 2622 &
1176 2588 1276 2635 Filio,

306 2641 463 2667 attamen
491 2644 559 2668 non
582 2633 640 2668 sub
660 2637 793 2672 ratione
822 2640 975 2674 unitatis
999 2638 1063 2678 sua:
1085 2637 1136 2673 est
1155 2642 1275 2683 proxi·-

305 2693 405 2716 mum
432 2683 640 2728 principium
663 2685 857 2723 foecundum
887 2687 1065 2736 spirandi,
1090 2688 1142 2725 sed
1159 2691 1274 2734 magis

303 2731 368 2766 sub
388 2734 520 2766 ratione
535 2734 724 2769 concordis
745 2737 964 2775 voluntatis:
988 2739 1102 2784 Atqui
1119 2738 1186 2774 hoc
1202 2738 1274 2785 ipso

301 2789 519 2816 connotatur
541 2782 656 2829 aliqua
692 2783 871 2820 distinctio
905 2798 953 2822 ex
986 2797 1087 2834 parte
1109 2788 1273 2835 principii

302 2841 393 2877 quo:
422 2841 509 2876 ergo
523 2830 629 2867 Pater
642 2859 653 2874 ‚
677 2833 707 2867 8<
724 2834 834 2870 Filius
856 2834 986 2882 spirant
1000 2838 1204 2882 inquantum
1218 2838 1272 2873 di-

301 2878 417 2914 stinffl
432 2907 440 2915 .
471 2880 641 2916 Probatio
658 2883 806 2930 majoris
825 2895 834 2919 :
856 2889 986 2922 etenim
1008 2886 1120 2922 Filius
1141 2888 1272 2934 produ·

302 2929 383 2964 eius
398 2941 539 2964 amatur
552 2930 570 2966 a
593 2931 699 2969 Patre
715 2960 725 2974 ,
742 2934 776 2970 ἃ
793 2935 811 2969 ὲ
837 2937 1010 2972 converso
1033 2936 1137 2973 Pater
1155 2936 1271 2983 diligi-

302 2987 364 3014 tur
383 2977 401 3013 a
416 2978 507 3014 Filio
526 2992 647 3017 amore
672 2982 808 3020 infinito
824 2995 936 3031 :ergo
952 2996 1127 3029 quatenus
1147 2988 1273 3026 volun·

302 3037 362 3063 tas
389 3028 436 3062 est
448 3029 508 3063 sub
533 3029 598 3069 isto
623 3042 774 3076 mutuo,
805 3033 1047 3081 concordique
1082 3047 1202 3070 amore
1225 3035 1273 3075 est

302 3082 509 3124 proximum
535 3083 746 3128 principium
775 3081 931 3128 spirandi
969 3085 1145 3130 Spiritum
1181 3086 1272 3122 San-

301 3127 401 3162 &um
414 3139 422 3161 :
437 3132 496 3174 qui
513 3140 613 3165 amor
627 3130 708 3172 ,etsi
727 3134 864 3175 unicus,
877 3141 1047 3171 connotat
1061 3142 1181 3170 tamen
1200 3136 1272 3181 plu*

300 3177 482 3215 talitatem
518 3179 744 3229 personarum
781 3192 907 3221 mutuo
941 3184 1009 3224 sese
1032 3184 1091 3222 illo
1118 3182 1270 3234 diligen,

300 3238 413 3263 tium.

353 3276 535 3320 Praeterea,
552 3277 752 3316 Secundum
766 3280 1006 3325 Richardum,
1021 3295 1052 3330 3.
1069 3283 1112 3317 de
1129 3282 1268 3324 Trinit,

300 3335 376 3373 cap.
400 3327 477 3368 16„
503 3327 537 3362 8<
555 3339 604 3372 17.
633 3329 839 3366 intefleftus
878 3333 1070 3380 perfectam
1098 3331 1267 3369 foecundi-

303 3385 377 3410 tem
408 3375 540 3411 habere
560 3379 671 3423 potest
700 3380 743 3416 ad
771 3382 883 3420 Verbi
908 3375 1201 3426 productionem,
1228 3392 1267 3420 ue

303 3423 421 3460 existit
449 3425 560 3460 insola
577 3439 645 3463 una
670 3430 838 3475 persona:
870 3431 1034 3468 voluntas
1046 3440 1164 3467 autem
1191 3443 1268 3479 per-

302 3473 429 3509 seEtam
443 3473 704 3513 foecunditatem
727 3491 793 3515 non
821 3480 989 3527 possidet,
1008 3481 1065 3517 nisi
1093 3485 1124 3518 in
1148 3486 1262 3527 gemi-

303 3534 350 3558 na
361 3525 505 3570 persona
522 3528 826 3574 reperiaturzergo
839 3530 988 3576 spiratur
1003 3533 1162 3578 Spiritus
1175 3531 1262 3568 San-

304 3572 416 3609 &usa
431 3575 559 3619 Patre,
582 3575 719 3613 &Filio
733 3579 792 3614 sub
815 3580 953 3618 ratione
977 3581 1169 3619 concordis
1194 3592 1261 3615 vo-

304 3623 474 3665 luntatis,
500 3625 532 3660 8<
550 3638 619 3662 non
639 3625 700 3661 sub
713 3630 849 3664 ratione
862 3632 1006 3668 unitatis
1021 3632 1181 3677 principii
1197 3630 1261 3675 spi·

304 3676 412 3707 rativi
430 3700 440 3710 .
455 3674 619 3711 Probatio
638 3675 819 3724 assumpti:
844 3677 1262 3718 faecunditasinteileetus

302 3722 454 3759 consistit
481 3727 513 3760 in
541 3726 760 3773 plenitudine
789 3729 983 3776 sapientiae,
1008 3742 1114 3777 quam
1141 3729 1207 3765 esse
1230 3733 1264 3764 in

302 3774 409 3809 unica
422 3775 564 3822 persona
591 3788 660 3813 non
677 3788 851 3826 repugnat
870 3780 1122 3823 :foecunditas‚
1138 3789 1262 3819 autem

433 2482 685 2521 IDENTUR
705 2486 834 2532 Pater,
868 2487 902 2522 ει
930 2488 1182 2535 Filiusspirare
1197 2464 1282 2531 ,ςρῑζ

857 142 1125 214 Summa·
1133 145 1181 229 J
1181 148 1399 217 oannis
1432 148 1609 218 Duns
1632 149 1798 219 Scoti
1820 157 1838 222 2

1375 242 1577 278 voluntatis
1606 241 1668 278 fita
1684 243 1732 279 est
1749 251 1779 279 in
1795 245 2007 292 plenitudine
2019 243 2168 292 perse&
2182 253 2329 289 amoris:

1367 296 1400 327 is
1422 302 1542 327 autem
1570 297 1715 338 reperiri
1732 300 1852 342 nequit
1864 322 1875 337 ,
1888 296 1944 331 nifi
1961 302 1993 333 in
2008 298 2145 334 duabus
2156 299 2198 335 ad
2214 307 2329 338 minus

1362 342 1549 377 secundum
1573 343 1723 378 eundem
1738 344 1866 380 ibidem
1882 358 1995 395 capg.
2011 349 2217 396 Nonpotest
2230 363 2327 387 amor

1362 391 1431 438 effi
1434 393 1617 439 jucundus
1631 391 1682 436 3st
1690 392 1809 437 nonfit
1823 394 1863 434 ἐῢ·
1883 408 2046 433 mutuus:
2072 411 2157 445 ergo
2186 400 2230 435 ad
2260 402 2328 437 hoc

1363 451 1404 476 ut
1425 443 1593 480 voluntas
1637 440 1676 477 sic
1703 445 1867 489 proxime
1895 445 2082 489 foecunda,
2111 461 2178 483 non
2202 450 2340 486 sufficit‘

1360 503 1442 528 eam
1466 491 1533 528 esse
1551 493 1584 528 in
1602 490 1743 527 duobus
1755 519 1765 536 ,
1789 491 1845 528 sed
1861 506 2003 540 oportet
2018 508 2182 542 praeterea
2200 499 2326 536 subess'e

1361 543 1477 578 amori
1502 542 1697 584 concordi,
1720 554 1762 577 ac
1777 552 1901 579 mutuo
1930 546 2072 580 illorum
2087 573 2098 589 ,
2118 548 2248 594 quibus
2275 549 2325 585 est

1358 596 1557 629 communis
1582 618 1593 635 ‚
1619 602 1799 639 quatenus
1837 605 1929 631 unus
1964 592 2135 631 summum
2164 609 2325 634 amorem

1359 641 1464 678 alteri
1489 640 1692 687 impendit,
1708 643 1740 677 8<
1761 643 1817 678 ille
1832 655 1954 691 parem
1967 644 2074 682 dile&
2088 658 2189 682 onem
2206 659 2327 693 repen-

1359 691 1440 727 dit:
1469 702 1542 737 quo
1564 702 1685 726 amore
1700 692 1869 729 existente
1882 720 1893 736 ,
1913 695 2078 734 voluntas
2094 695 2144 735 est
2158 698 2324 744 proxime

1359 741 1520 788 soecunda
1539 739 1702 787 spirando
1720 747 1835 778 amori
1851 744 2042 780 subsistenti
2057 772 2067 781 .

1408 792 1598 840 Preterea‚
1624 789 1806 838 Quamvis
1836 805 1935 829 amor
1952 805 2097 830 mutuus
2123 795 2241 832 Patris
2257 823 2268 838 ‚
2291 793 2326 832 8(

1357 841 1436 878 Filii
1460 840 1547 876 unus
1562 867 1574 884 ,
1597 841 1759 889 idemque
1776 842 1842 878 sit:
1869 853 2027 887 attamen
2053 858 2122 881 non
2137 846 2184 882 est
2198 847 2324 882 eadem

1356 900 1449 929 ratio
1469 890 1549 936 ejus
1562 916 1573 932 ‚
1594 900 1633 926 ut
1652 891 1703 930 est
1717 892 1735 928 a
1750 892 1851 930 Patre
1878 900 1911 929 in
1926 893 2053 930 Filium
2069 897 2240 942 impensus
2258 923 2269 938 ,
2290 897 2326 932 &

1358 942 1379 982 ἐι
1395 942 1485 978 Filio
1507 940 1551 976 ad
1566 939 1709 978 Patrem
1725 944 1888 990 repensus
1900 970 1910 980 .
1934 944 2031 982 Nam
2058 945 2242 982 secundum
2259 946 2324 982 Ri-

1358 993 1532 1029 chardum
1548 1004 1577 1039 3.
1590 991 1633 1026 de
1647 989 1776 1031 Trinit.
1788 1006 1863 1040 cap.
1885 1007 1937 1042 ¹9·
1952 992 2108 1044 Qndo
2119 996 2185 1032 duo
2197 997 2322 1033 mutu&

1345 1045 1394 1092 se
1408 1043 1571 1089 diligunt
1587 1069 1598 1085 ,
1621 1042 1660 1082 εἰς
1664 1042 1803 1089 summi
1816 1045 1986 1089 defiderii
2011 1045 2156 1091 affeffi'us
2169 1048 2325 1081 invicem

1344 1093 1569 1140 'impendunt
1581 1119 1592 1135 ‚
1605 1092 1643 1132 &5
1661 1092 1763 1143 tstiur
1774 1099 1813 1130 in
1829 1097 1934 1132 illum
1950 1122 1960 1137 ‚
1987 1095 2026 1136 ἐῢ·
2041 1095 2145 1133 illius
2166 1098 2207 1130 in
2221 1094 2324 1144 astum

1356 1143 1503 1191 affiefsus
1516 1143 1693 1189 dffiurrit
1706 1170 1718 1186 ,
1727 1144 1765 1185 ἐς
1781 1145 1923 1192 quufiin
1938 1145 2083 1192 diversa
2096 1145 2215 1184 tendit
2227 1171 2237 1181 .
2255 1145 2323 1181 Per

1357 1196 1524 1240 hocergo
1545 1192 1642 1240 quod
1658 1195 1753 1241 quasi
1771 1198 1805 1230 in
1829 1196 1962 1232 diversa
1987 1195 2123 1237 tendit,
2147 1195 2321 1243 quodam-

1356 1243 1466 1281 modo
1479 1243 1638 1281 diversus
1653 1243 1721 1278 est:
1746 1246 1779 1280 ἃ
1793 1246 2022 1282 nibilominus
2037 1246 2249 1284 foecunditas
2268 1244 2319 1280 est

1353 1298 1495 1342 penitus
1526 1305 1616 1336 una,
1644 1293 1724 1330 &in
1738 1308 1781 1330 ea
1796 1297 1922 1338 Pater,
1944 1296 1977 1332 &
1995 1294 2107 1331 Filius
2127 1296 2199 1332 sunt
2211 1307 2321 1331 unum

1353 1344 1576 1384 uniformiter
1597 1345 1766 1391 spirantes
1805 1348 1980 1394 Spiritum
2019 1345 2190 1383 sanetum
2213 1371 2223 1381 .
2244 1343 2320 1383 Etfi

1354 1407 1442 1441 ergo
1454 1393 1517 1430 sint
1535 1396 1655 1440 plures
1676 1401 1735 1443 qui
1755 1397 1908 1443 spirant,
1935 1409 2001 1431 non
2026 1407 2142 1433 tamen
2164 1395 2214 1430 ob
2241 1396 2320 1442 plu-

1352 1446 1533 1480 ralitatem
1560 1445 1708 1491 spirant,
1732 1457 1810 1493 qua:
1834 1445 2078 1493 principaliter
2090 1445 2180 1481 estin
2199 1440 2323 1486 eis‚sed

1352 1495 1463 1530 solum
1477 1505 1523 1530 ex
1536 1493 1760 1532 distinetione
1773 1508 1896 1532 eorum
1925 1503 2122 1535 connotata
2135 1522 2145 1534 ,
2170 1495 2319 1544 Spirant

1353 1549 1466 1590 igitur
1492 1553 1531 1578 ut
1547 1544 1624 1579 sunt
1639 1546 1759 1592 plures
1774 1549 1806 1580 in
1830 1551 1934 1582 unica
1956 1547 2168 1586 voluntate,
2192 1555 2259 1592 quq
2273 1541 2322 1578 est

1353 1597 1449 1629 ratio
1463 1593 1623 1628 eliciendi
1648 1594 1768 1628 aetum
1794 1594 2063 1630 concordando:
2088 1593 2149 1628 sub
2179 1598 2322 1627 ratione

1353 1654 1446 1686 ergo
1471 1642 1660 1677 concordis
1676 1643 1873 1679 voluntatis
1892 1643 2043 1690 spirant,
2065 1650 2171 1684 atque
2198 1643 2250 1677 ita
2273 1640 2323 1675 est

1349 1690 1396 1729 ,foe
1420 1690 1511 1724 unda
1539 1692 1705 1726 voluntas
1731 1705 1796 1727 non
1820 1693 1880 1727 sub
1903 1696 2044 1728 ratione
2069 1694 2242 1735 unitatis,
2265 1689 2324 1727 sed

1352 1750 1531 1789 quatenus
1545 1741 1593 1777 est
1607 1741 1666 1776 sub
1689 1754 1811 1778 amore
1837 1753 1962 1781 mutuo
1976 1769 1986 1785 ‚
2006 1742 2038 1777 &
2055 1739 2250 1777 concordi.

1407 1790 1598 1834 Cornan,
1616 1804 1644 1837 ς.
1659 1792 1703 1827 de
1722 1790 1873 1828 Tritate
1887 1804 1965 1837 cap.
1989 1793 2183 1837 14.Pater,
2205 1790 2244 1831 ἐϋ·
2263 1790 2324 1827 Fi-

1356 1840 1523 1886 liussunr
1537 1854 1646 1882 unum
1659 1845 1884 1888 principium
1895 1843 1941 1877 ad
1957 1844 2143 1890 Spiritum
2153 1841 2324 1879 sancium

1343 1892 1440 1938 ficut
1458 1893 1580 1935 Pater,
1594 1892 1762 1935 Filius-,ff
1775 1896 1943 1930 Srirtsus
1956 1890 2202 1940 Sanfiusszmt
2215 1901 2325 1927 unum

1342 1940 1579 1992 'principium
1590 1944 1637 1979 ad
1648 1953 1850 1980 creaturam
1868 1955 1878 1983 ς
1894 1942 1963 1979 Sed
1992 1951 2151 1977 creatura
2164 1940 2211 1978 est
2226 1940 2244 1979 ἐι
2259 1942 2322 1975 tri-

1356 1995 1422 2031 bus
1439 1997 1641 2038 inquantum
1661 2004 1767 2027 unum
1791 1993 1888 2033 sunt,
1909 1992 1940 2026 &
1958 2003 2025 2026 non
2049 2003 2119 2039 qua
2144 1990 2318 2027 distincti:

1353 2056 1444 2086 ergo
1460 2042 1492 2076 Sc
1506 2042 1665 2089 Spiritus
1679 2041 1831 2077 Sanetus
1847 2041 1894 2077 est
1911 2054 1930 2076 a
1946 2041 2061 2085 Patre,
2076 2040 2104 2075 ἃ
2126 2041 2218 2077 Filio
2230 2053 2320 2089 qua-

1353 2103 1463 2129 tenus
1490 2103 1558 2126 una
1584 2091 1770 2140 preciseest
1806 2092 1974 2138 spirat-iva
2002 2102 2119 2126 virtus
2153 2095 2185 2124 in
2212 2091 2319 2126 utris-

1352 2155 1421 2191 que
1434 2170 1444 2183 ,
1462 2142 1496 2177 &
1514 2155 1580 2182 non
1609 2145 1822 2194 inquantum
1839 2143 1913 2180 sunt
1937 2142 2056 2192 plures
2072 2167 2083 2188 ‚
2111 2141 2167 2176 vel
2187 2152 2318 2177 conne—

1350 2193 1464 2235 3atix⁷e
1478 2219 1488 2231 ‚

1404 2242 1640 2277 Respownsso
1656 2268 1667 2283 ,
1700 2241 1822 2288 Aliqui
1846 2243 2062 2285 argumentis
2079 2242 2159 2289 jam
2193 2242 2316 2277 relatis

1349 2295 1502 2336 permeti
1524 2300 1673 2336 putant,
1697 2291 1871 2335 Spiritum
1887 2292 2058 2328 Sanstum
2082 2290 2274 2337 procedere
2293 2289 2315 2327 ὸ.

1348 2342 1475 2385 Patre,
1499 2340 1531 2375 8<
1548 2341 1658 2383 Filio,
1685 2353 1751 2375 non
1776 2341 1835 2375 sub
1850 2354 1888 2377 ea
1905 2346 2058 2384 ratione,
2085 2353 2154 2389 qua
2181 2341 2316 2386 spirati-

1349 2404 1393 2427 va
1415 2395 1530 2426 virtus
1543 2391 1591 2427 est
1603 2395 1750 2426 omnino
1766 2403 1831 2429 una
1850 2394 1880 2427 in
1913 2392 2112 2434 ambobus,
2130 2390 2184 2427 sed
2199 2394 2315 2435 magis

1349 2442 1411 2476 sub
1424 2444 1564 2478 ratione
1576 2440 1762 2478 concordis
1776 2442 1994 2478 voluntatis:
2010 2441 2099 2479 adeo
2112 2451 2152 2476 ut
2169 2440 2228 2476 sub
2245 2440 2314 2475 hoc

1343 2502 1517 2534 conceptu
1533 2501 1670 2531 tantum
1698 2491 1916 2535 intelligatur
1940 2493 2105 2529 voluntas
2131 2489 2199 2528 effe
2231 2501 2314 2536 pro-

1344 2543 1441 2579 xime
1466 2540 1626 2581 sbecunda
1657 2541 1701 2579 ad
1734 2540 1952 2587 spirandum,
1972 2543 2088 2590 qualis
2111 2551 2181 2575 non
2217 2548 2312 2582 erat;

1345 2592 1666 2637 utintelligebatur
1682 2590 1890 2629 [libratione
1914 2597 2019 2629 unius
2042 2591 2214 2639 spirativae
2236 2593 2313 2624 vir-

1343 2646 1433 2677 tutis
1446 2668 1455 2677 .
1481 2642 1561 2678 Nos
1575 2640 2041 2689 adbaerentespraecedemis
2057 2639 2311 2685 articulisolu-

1342 2693 1462 2732 re'oni3
1483 2692 1634 2729 dicimus
1646 2692 1852 2737 opinionem
1868 2693 1959 2728 banc
1971 2692 2096 2727 nedum
2108 2701 2311 2735 repugnare

1342 2752 1424 2776 cum
1439 2741 1599 2777 doflrina
1627 2741 1723 2776 istius
1750 2740 1971 2787 Magistride
1989 2742 2122 2788 Spiritu
2142 2737 2276 2774 Sani-‘to
2295 2752 2306 2781 ς

1342 2803 1466 2826 verum
1485 2795 1592 2829 etiam
1614 2795 1646 2826 in
1664 2791 1692 2826 se
1709 2791 1927 2836 probandam
1945 2804 2010 2826 non
2032 2789 2118 2825 esse.
2140 2788 2204 2824 lste
2219 2790 2311 2824 enim

1340 2840 1386 2875 fic
1404 2845 1553 2884 opinans
1565 2851 1684 2881 tenet,
1707 2840 1878 2884 Spiritum
1908 2840 2080 2879 Sanctum
2104 2837 2308 2877 distinctum

1340 2893 1383 2927 iri
1399 2888 1415 2925 a
1431 2890 1524 2926 Filio
1538 2918 1549 2933 ,
1574 2890 1645 2926 esto
1656 2891 1700 2926 ab
1713 2903 1755 2925 eo
1769 2903 1833 2925 non
1846 2890 2087 2938 procederet,
2115 2897 2311 2936 propterea

1339 2941 1436 2985 quod
1455 2940 1653 2977 distinctum
1670 2941 1812 2975 modum
1838 2939 2053 2987 procedendi
2081 2939 2100 2976 a
2120 2938 2222 2975 Patre
2244 2938 2308 2974 ha·

1340 2990 1421 3026 beat
1436 3018 1445 3033 ‚
1469 3003 1510 3027 ac
1524 2989 1659 3031 Filius;
1686 2990 1840 3036 adeoque
1859 2993 1882 3026 ii
1905 2990 1978 3025 duo
1999 2994 2137 3026 termini
2151 2987 2307 3026 diversa·

1338 3051 1417 3077 rum
1436 3039 1682 3086 processionum
1694 3038 1841 3075 distin6ti
1860 3040 2140 3087 intelligerentur
2153 3065 2165 3082 ‚
2177 3041 2305 3075 etiam·

1338 3089 1360 3127 fi
1381 3090 1632 3137 supponeretur
1646 3089 1804 3134 Spiritus
1833 3089 2077 3126 Sanetusnon
2106 3085 2303 3135 procedere

1337 3138 1357 3175 a
1376 3139 1488 3175 Filio.
1508 3140 1605 3176 Vere
1634 3138 1778 3182 quidem
1793 3166 1804 3182 ,
1830 3140 1862 3174 8<
1880 3139 2153 3182 reste3sedhaec
2167 3135 2305 3173 doetri-

1337 3201 1379 3225 na
1397 3201 1463 3224 non
1481 3188 1572 3227 stat.
1597 3186 1708 3235 posito
1741 3189 1835 3235 quod
1860 3189 2028 3226 voluntas
2057 3192 2219 3238 proxime
2243 3186 2305 3222 foe-

1335 3238 1449 3274 cunda
1467 3250 1533 3273 non
1550 3237 1611 3280 sit,
1637 3238 1694 3274 nisi
1713 3247 1888 3286 quatenus
1901 3238 1949 3277 est
1967 3242 2000 3274 in
2018 3239 2159 3275 duobus
2174 3264 2185 3275 .
2203 3235 2302 3273 Nam

1338 3299 1424 3324 tunc
1434 3288 1586 3332 Spiritui
1601 3287 1732 3324 Sanc'lo
1748 3300 1817 3324 non
1836 3297 2057 3334 competeret
2072 3288 2150 3323 suus
2167 3284 2298 3323 modus

1334 3337 1549 3386 procedendi
1569 3364 1580 3379 ,
1599 3336 1657 3374 nisi
1677 3338 1709 3372 8<
1727 3338 1917 3384 spiraretur
1930 3337 1950 3374 ὰ
1969 3337 2085 3374 Filio:
2109 3334 2300 3386 Siquidem

1334 3399 1354 3423 a
1376 3387 1443 3421 faio
1460 3387 1565 3424 Patre
1578 3388 1726 3435 intelligi
1749 3399 1821 3424 non
1847 3387 1957 3435 posset
1970 3386 2161 3433 procedere
2175 3396 2224 3422 ex
2239 3383 2298 3419 de-

1334 3435 1429 3473 setin
1445 3436 1488 3473 foe
1511 3436 1683 3472 nuditatis
1699 3438 1896 3473 voluntatis
1913 3463 1921 3475 ,
1953 3449 2029 3485 quae
2054 3446 2095 3471 ut
2123 3438 2156 3472 in
2171 3435 2297 3476 Patre,

1334 3496 1474 3523 remote
1492 3496 1629 3524 tanturn
1640 3487 1796 3524 foecunda
1810 3487 1877 3525 esse
1889 3487 2041 3524 dicitur.
2053 3484 2124 3523 Sed
2151 3485 2295 3530 opinio·

1331 3549 1411 3574 nem
1438 3537 1543 3583 ipsam
1562 3539 1593 3572 in
1609 3536 1638 3571 se
1664 3540 1711 3573 ita
1743 3538 2008 3584 improbamus.
2042 3536 2082 3573 Si
2111 3533 2238 3574 Pater,
2259 3531 2296 3568 Sc

1332 3586 1443 3622 Filius
1475 3585 1669 3632 producant
1692 3587 1865 3632 Spiritum
1894 3585 2063 3625 Sam-‘lum
2080 3583 2266 3619 voluntate
2283 3611 2295 3628 ,

1332 3640 1542 3683 inquantum
1562 3635 1591 3671 se
1608 3640 1736 3673 mutuo
1750 3635 1931 3682 diligunt3
1960 3638 2072 3680 igitur
2093 3633 2183 3668 alius
2211 3630 2294 3670 esset

1333 3687 1491 3732 Spiritus
1519 3684 1672 3721 Sanstus
1706 3686 1901 3733 produftus
1928 3682 2126 3731 priusquam
2164 3681 2294 3730 produ-

1336 3745 1476 3771 ceretur
1490 3734 1545 3769 ille
1562 3747 1624 3782 per
1639 3735 1868 3775 concordiam
1897 3733 2010 3769 mutui
2026 3736 2157 3769 amoris
2169 3760 2178 3768 .
2210 3732 2290 3769 Hoc

1339 3794 1458 3824 autem
1471 3795 1575 3822 nemo
1601 3785 1873 3823 Catholicorum
1890 3783 2038 3821 dixerit.
2066 3780 2138 3817 Sed
2158 3781 2288 3866 prtoba-

2208 3841 2249 3865 us

2343 2620 2533 2660 Hem-‚Quod-

2342 2659 2391 2692 lib.
2404 2672 2433 2699 ς.
2446 2671 2476 2700 q·
2486 2672 2515 2695 9·
