2666 4109
53 3505 112 3536 ihc
135 3508 236 3546 quaefiti

54 3545 146 3579 Toiuzio
156 3572 164 3581 .

618 184 837 250 Tamus
857 182 896 248 1.
913 183 1072 251 Pars
1093 187 1132 251 I.

288 274 370 321 (ex
383 272 613 319 suppositione
628 272 724 322 quod
739 274 802 311 fint
817 279 931 322 primo
941 278 1073 313 diversa
1088 279 1106 325 )
1124 279 1245 314 decem

293 326 390 364 11:121,
408 335 475 358 non
493 325 637 371 quidem
653 325 710 359 sub
727 329 861 361 unitate
873 325 991 362 formae
1005 327 1169 373 specifica:
1182 340 1246 363 nu-

291 384 468 408 merorum
481 400 490 416 ‚
518 374 573 410 sed
597 375 615 411 a
629 375 771 411 denario
786 375 940 416 distoex
966 377 1103 412 unitate
1122 389 1246 424 aggre-

289 426 444 468 gationis
460 449 468 457 .
487 424 636 471 Propter
652 425 746 473 quod
757 424 878 461 decem
891 438 1020 472 genera
1037 439 1102 463 non
1121 426 1246 462 dicun-

290 485 348 508 tur
366 485 531 509 numerus
542 474 744 522 fimpliciter
758 501 768 516 ‚
785 487 847 510 nec
861 478 1039 523 aequivoce
1055 503 1067 518 ‚
1084 476 1137 512 sed
1157 478 1245 511 mul-

288 532 324 558 ta
342 533 481 558 tantum
493 537 557 571 per
568 529 862 572 aggregationem
879 535 1072 562 numerata:
1085 529 1141 561 cui
1156 527 1245 562 mul-

288 572 435 607 titudini
452 587 516 609 non
536 575 620 610 inest
636 579 727 610 ratio
738 578 871 609 numeri
888 589 898 617 ς
925 577 978 611 uti
1005 588 1069 611 nec
1094 576 1242 612 Deus&

289 632 455 658 creatura
474 624 658 667 suntduo;
684 626 743 671 qui
769 628 800 660 in
822 625 915 660 nulla
933 626 1092 661 realitate
1108 638 1243 661 conve-

287 675 412 715 nium,
426 683 473 708 ex
486 674 584 719 cujus
596 678 730 709 unitate
744 675 883 711 resultet
897 674 1008 710 forma
1021 675 1155 711 indivisi
1163 676 1243 712 bilis

288 725 447 764 numeri,
475 734 650 770 quatenus
688 734 856 758 numerus
881 724 928 759 est
954 725 1144 761 multitudo
1177 735 1242 771 per

285 782 396 806 unum
413 782 618 810 numerata.
649 773 758 809 Unde
783 773 816 808 &
841 773 1113 811 Commentator
1141 776 1245 822 super

290 830 363 856 tex.
380 833 433 868 37.
457 833 480 858 1.
501 822 721 870 Metaph.Sz'
734 833 968 872 unaqnaeque,
983 827 1106 872 inquit,
1119 829 1241 861 unita·

287 880 364 905 tum
375 882 423 907 nu
429 884 599 911 merorum
599 874 816 920 formalium
818 872 943 917 fuerit
953 874 1099 922 diversa
1109 875 1153 910 ab
1165 876 1244 910 alia

287 932 356 955 non
372 925 446 956 erit
460 934 627 960 numerus
640 923 821 969 3fdiversa
837 928 932 959 enim
947 935 1135 960 numerant
1136 926 1183 971 se
1196 925 1243 959 ad

286 973 442 1006 invicem
456 983 466 1006 τ
479 985 646 1011 numerus
657 985 776 1009 autem
789 984 954 1009 numerat
957 975 1003 1022 fi
1021 975 1067 1010 ad
1078 979 1245 1023 inuicem,

286 1031 351 1056 aut
361 1031 432 1068 per
445 1028 623 1061 unitatem
636 1053 646 1068 ‚
675 1034 814 1071 autper
831 1035 1014 1060 numerum
1027 1051 1035 1060 .
1071 1026 1155 1060 Haec
1173 1025 1241 1060 illc:

285 1071 320 1106 &
340 1073 413 1108 vult
431 1073 546 1111 dicere
563 1103 572 1116 .
586 1075 685 1112 ficuti
706 1075 803 1120 plura
821 1073 1007 1110 individua
1022 1079 1243 1110 conveniunt

284 1124 316 1155 in
336 1132 404 1156 una
418 1122 527 1170 specie
541 1126 593 1168 ‚&
612 1127 732 1172 plures
746 1124 876 1170 species
893 1126 923 1158 in
943 1135 1016 1160 uno
1031 1137 1174 1170 genere3
1191 1128 1242 1159 ita

283 1169 306 1205 fi
321 1183 487 1209 numerus
507 1174 661 1212 formalis
675 1173 936 1210 individuorum
951 1187 1019 1210 non
1040 1175 1146 1211 habet
1161 1186 1243 1209 con-

285 1225 498 1261 venientiam
518 1227 549 1261 in
564 1238 635 1262 uno
649 1225 704 1269 3&
722 1227 987 1260 numerusitem
999 1224 1190 1270 specierum
1205 1228 1240 1259 in

285 1283 357 1306 uno
370 1285 497 1319 genere
510 1303 520 1318 ‚
538 1275 613 1313 fieri
628 1288 695 1313 non
709 1272 820 1322 potest
831 1300 841 1316 ‚
856 1283 896 1308 ut
914 1279 947 1309 in
964 1275 1045 1320 ipsis
1059 1274 1098 1310 fit
1116 1285 1240 1309 nume-

281 1327 436 1369 rus‚quia
456 1325 551 1361 abest
569 1329 683 1362 unitas
698 1324 897 1360 mensurans
911 1336 971 1359 eas
985 1324 1238 1361 multitudines.

286 1370 383 1406 Nam
398 1371 419 1406 fi
435 1377 590 1412 unitates
604 1376 667 1412 {int
685 1374 904 1410 diversarum
916 1374 1108 1420 specierum
1126 1401 1135 1416 ,
1148 1373 1241 1409 ratio

285 1421 502 1459 indivifionis
514 1453 526 1468 ‚
555 1437 630 1472 quae
643 1424 737 1462 estin
753 1434 820 1458 una
835 1426 971 1458 unitate
985 1451 995 1467 ‚
1024 1435 1090 1459 non
1107 1423 1187 1459 effet
1206 1426 1239 1456 in

279 1471 375 1514 ²ll⁰²3
407 1485 449 1509 ac
466 1485 651 1522 propterea
667 1474 742 1511 fieri
754 1477 897 1520 nequit,
925 1483 964 1510 ut
992 1478 1108 1509 unitas
1134 1474 1238 1508 unius

279 1520 402 1566 speciei
415 1523 630 1561 dimetiatur
648 1526 800 1560 unitates
815 1523 961 1558 alterius
976 1522 1124 1570 speciei.
1140 1525 1237 1558 Hinc

277 1571 467 1609 Avicenna
481 1601 491 1617 ‚
507 1587 536 1622 3.
551 1574 741 1623 Metaphy.
760 1585 838 1620 cap.
852 1584 884 1607 2.
896 1573 945 1609 Et
962 1575 1133 1621 quaefitnt
1146 1574 1237 1608 mul-

277 1630 317 1657 ta
326 1648 338 1663 ‚
350 1625 466 1670 inquit
483 1651 495 1666 ‚
506 1636 648 1660 numero
660 1652 671 1667 ‚
696 1636 762 1659 non
774 1623 945 1657 dicuntur
956 1635 1025 1658 una
1046 1624 1117 1659 alio
1128 1624 1234 1659 modo.

276 1669 346 1715 711ss
347 1681 499 1719 propter
510 1677 916 1721 convenientt'am‚quam
927 1673 1057 1708 habent
1069 1677 1109 1708 in
1118 1677 1235 1709 inten-

275 1724 371 1757 tione
383 1724 517 1772 aliqua.
534 1724 616 1760 Non
630 1734 842 1771 qua-:cunque
855 1726 967 1767 igitur
987 1724 1176 1759 multitudo
1186 1723 1236 1760 est

274 1782 443 1808 numerus
458 1800 469 1816 ‚
488 1774 543 1809 sed
562 1787 603 1810 ea
619 1776 810 1809 dumtaxat
825 1797 836 1812 .
851 1781 890 1806 ut
904 1771 1040 1808 dietum
1056 1773 1104 1809 est
1119 1801 1129 1816 ‚
1157 1785 1233 1821 qua:

275 1821 492 1858 mensuratur
507 1837 569 1871 per
583 1836 689 1860 unum
710 1836 719 1865 ς
748 1824 782 1858 8(
805 1825 887 1871 quia
901 1822 943 1857 de
962 1827 1098 1858 unitate
1112 1835 1234 1870 proce·

274 1871 359 1908 dere
372 1885 439 1909 non
458 1873 571 1920 potest
586 1902 596 1917 ‚
626 1873 875 1910 utfitaliorum
895 1872 1050 1908 mensura
1067 1900 1076 1915 ,
1107 1871 1166 1908 nisi
1198 1875 1232 1909 in

273 1921 399 1957 eadem
413 1928 653 1960 communicet
665 1927 802 1960 ratione
817 1933 898 1957 cum
912 1922 1033 1971 iis,queg
1044 1923 1231 1959 dimetien-

273 1970 318 2014 da
334 1971 424 2012 lhnr3
437 1972 606 2021 hincquia
624 1985 792 2010 numerus
813 1972 1040 2008 accidentalis
1053 1974 1231 2020 consequi-

271 2028 332 2056 tur
359 2033 418 2056 res
443 2024 593 2059 aliorum
617 2024 972 2071 praedicamentorum
998 2035 1062 2069 per
1084 2024 1232 2059 eandem

271 2079 435 2107 naturam
448 2072 643 2120 specificam
656 2102 666 2117 ‚
698 2086 775 2122 quae
792 2072 839 2109 est
851 2073 1033 2120 quantitas
1050 2077 1233 2117 continua,

275 2120 353 2157 ideo
365 2126 405 2172 'is
416 2133 586 2158 numerus
604 2129 724 2159 verius
741 2122 790 2160 est
806 2134 894 2158 unus
906 2150 916 2165 ,
937 2135 1045 2169 quam
1063 2134 1232 2159 numerus

271 2169 457 2208 effentialls
469 2201 478 2216 ‚
493 2175 554 2221 qui
570 2173 618 2210 est
634 2174 855 2210 diversorum
867 2184 1048 2219 generum,
1061 2173 1094 2208 &
1107 2173 1232 2210 diver-

268 2220 382 2256 strum
393 2220 598 2269 specierum
614 2225 646 2259 &
661 2224 903 2261 universaliter
913 2232 1087 2269 quantum
1104 2235 1225 2259 nume·

266 2273 299 2306 ri
314 2270 360 2307 de
373 2276 618 2310 convenientia
634 2278 665 2310 in
679 2278 815 2310 unitate
827 2275 940 2320 aliqua
956 2277 1071 2308 minus
1086 2273 1232 2318 habent,

271 2322 480 2358 tantundem
511 2324 724 2372 elongantur
750 2324 769 2360 a
806 2334 891 2359 vera
916 2325 1058 2358 ratione
1079 2325 1228 2361 numeri:

271 2371 505 2422 Qapropter
519 2374 640 2411 decem
650 2374 861 2415 nominee&
875 2373 996 2409 decem
1008 2385 1097 2409 oves
1112 2379 1228 2421 aptius

270 2422 304 2457 8(
318 2426 438 2458 verius
450 2423 619 2460 dicuntur
630 2426 704 2459 duae
717 2425 845 2471 species
856 2424 1018 2458 animalis
1033 2424 1079 2458 ob
1094 2435 1226 2460 conve-

270 2475 437 2507 nientiam
452 2476 651 2520 genericam
667 2502 677 2516 ‚
694 2486 802 2522 quam
820 2472 943 2520 vigint-i
963 2486 973 2516 3
1000 2478 1069 2508 imo
1084 2474 1156 2509 sunt
1173 2479 1226 2510 vi-

273 2525 366 2569 ginti
378 2548 390 2563 ‚
406 2534 452 2558 ex
467 2536 616 2560 numero
628 2535 775 2572 accepto
789 2524 833 2558 ab
846 2526 977 2558 unitate
993 2529 1227 2570 aggregatio-

273 2577 349 2615 nis,
365 2585 433 2608 non
450 2583 594 2621 propter
609 2580 780 2611 unitatem
792 2573 912 2609 formae
927 2573 1089 2619 specificae
1106 2587 1228 2610 nume·

269 2633 390 2659 rorum
405 2649 415 2665 ,
430 2622 487 2658 nisi
500 2624 665 2661 dicantur
678 2626 804 2672 viginti
817 2635 970 2671 corpora
983 2650 992 2666 ,
1006 2624 1062 2658 vel
1080 2624 1227 2660 substan-

267 2674 324 2708 tiae
339 2699 352 2716 ‚
368 2673 425 2709 vel
438 2677 530 2710 entia
543 2701 553 2709 .
578 2674 871 2725 Qotiescunque
884 2675 996 2721 igitur
1009 2678 1129 2709 unitas
1144 2686 1225 2709 cum

271 2723 349 2757 aliis
365 2724 565 2759 unitatibus
580 2729 611 2760 in
630 2726 790 2762 realitate
804 2726 918 2771 aliqua
947 2736 1014 2759 non
1045 2730 1228 2767 convenit,

270 2783 455 2809 numerum
474 2774 684 2811 constituere
697 2786 765 2811 non
777 2775 902 2822 potest;
922 2786 984 2810 nec
1003 2786 1063 2822 per
1077 2781 1225 2820 primam

273 2825 443 2859 unitatem
461 2823 641 2872 sequentes
653 2827 841 2861 mensurari
856 2833 988 2873 queunt
1001 2851 1008 2859 .
1024 2825 1092 2859 Sed
1108 2836 1224 2860 tamen

267 2871 357 2908 tunc'
381 2884 428 2908 ex
444 2874 497 2909 his
524 2875 811 2912 multitudinibus
837 2886 1004 2911 numerus
1034 2873 1228 2910 abitt-astus

268 2923 545 2972 exlhrgit,atque
563 2929 609 2960 ita
627 2937 691 2971 per
707 2928 880 2962 unitatem
906 2925 979 2961 sunt
993 2928 1124 2972 pariter
1137 2938 1215 2960 men

268 2970 457 3015 surabiles=l
474 2975 552 3010 cum
567 2979 658 3011 enim
670 2980 704 3012 in
717 2977 874 3024 qualibet
886 2981 1021 3011 unitate
1039 2973 1080 3010 fit
1094 2975 1231 3011 eadem·

269 3023 363 3058 ratio
381 3023 664 3062 indivifibilitatis
676 3055 686 3070 ‚
701 3027 734 3062 &
753 3029 898 3063 unitatis
913 3054 924 3070 ,
953 3037 1167 3073 unaquaeque
1183 3036 1230 3060 ex

274 3072 356 3119 ipfis
373 3073 438 3110 effe
456 3074 567 3120 potest
580 3084 784 3113 caeterarum
804 3077 962 3114 mensura
980 3103 990 3119 ‚
1013 3088 1093 3111 nam
1117 3081 1233 3112 unitas

273 3122 391 3158 decies
404 3125 575 3171 replicata
589 3125 705 3162 reddit
716 3126 898 3162 denarium
916 3155 926 3170 ‚
952 3127 984 3162 &
995 3127 1160 3162 denarius
1175 3126 1238 3162 de-

273 3175 350 3208 cies
365 3171 553 3221 acceptum
568 3182 807 3213 centenarium
825 3192 836 3220 ς
865 3179 897 3213 8(
916 3178 961 3212 fic
980 3176 1144 3223 deinceps
1163 3190 1173 3219 3
1203 3176 1238 3210 &

277 3220 361 3257 ideo
385 3222 481 3259 dixit
497 3225 771 3262 Commentator
802 3229 901 3275 super
927 3239 952 3264 i.
970 3227 1160 3275 Metaphy.
1177 3226 1239 3262 cit.

276 3282 444 3309 numerus
467 3285 586 3310 autem
603 3288 767 3313 numerat
770 3278 817 3325 se
834 3279 880 3312 ud
893 3281 1047 3314 invicem
1061 3304 1072 3320 ‚
1099 3285 1161 3312 aut
1170 3285 1241 3323 per

275 3325 455 3359 unitatem
469 3324 487 3372 (
500 3325 579 3359 cum
593 3328 715 3374 nempe
731 3331 882 3363 unitates
896 3331 930 3362 in
947 3327 1111 3363 realitate
1121 3326 1240 3373 aliqua

275 3374 512 3423 coincidunt)
536 3385 677 3423 autper
702 3387 888 3414 numerum
910 3378 1017 3414 modo
1033 3376 1149 3412 statim
1176 3386 1236 3411 ex-

274 3423 423 3469 plicato.

327 3473 396 3509 His
409 3475 574 3510 omnibus
590 3475 632 3511 de
653 3487 800 3513 numero
814 3477 968 3514 dissertis
981 3506 991 3521 .,
1023 3475 1156 3526 quaefiti
1183 3475 1237 3511 so-

274 3520 445 3559 lutionem
464 3524 689 3561 subiicientes
704 3554 715 3570 ‚
733 3526 908 3571 dicimus,
932 3533 964 3563 in
984 3529 1116 3565 divinis
1138 3528 1238 3569 vere,

274 3571 304 3607 8<
326 3577 468 3621 proprie
486 3574 554 3611 effe
572 3587 755 3612 numerum
773 3605 783 3621 ‚
797 3580 870 3612 imo
902 3588 1001 3616 tanta
1020 3578 1238 3626 proprietate

273 3620 418 3658 divinas
440 3626 604 3671 perlbnas
620 3627 788 3672 appellari
806 3639 876 3664 tres
890 3655 900 3671 ,
916 3639 1045 3676 quanta
1063 3627 1152 3663 nulla
1171 3628 1237 3663 alia

275 3674 365 3707 entia
375 3679 550 3710 numerari
571 3687 713 3724 queunt.
728 3676 824 3713 Nam
845 3690 911 3713 non
925 3678 1064 3714 aliunde
1078 3676 1239 3722 est‚quod

275 3732 489 3770 unaquaeque
502 3736 733 3762 numerorum
753 3727 884 3777 specics
901 3727 938 3765 fit
955 3728 1179 3764 indivisibilis
1194 3740 1240 3764 ex

275 3776 416 3818 propria
437 3773 590 3818 specifica
607 3780 747 3813 unitate
762 3806 772 3821 ‚
787 3776 845 3812 nisi
860 3790 906 3813 cx
926 3779 1107 3816 identitate
1124 3782 1154 3811 in
1169 3777 1240 3823 spe-

274 3821 326 3857 cie
354 3824 530 3907 ussitatum
570 3827 825 3875 replicatarum
858 3829 987 3878 species
1017 3838 1250 3876 numerorUm

401 3882 494 3908 omui·
507 3875 538 3909 l.

1149 182 1415 277 Quaestio
1437 187 1646 255 XXX.
1661 190 1798 258 Art.
1819 192 1904 260 m.

2149 217 2270 282 371

1318 278 1605 316 constituentium
1631 295 1640 323 ;
1669 284 1797 321 adeout
1824 298 2037 335 qua-cunque
2067 290 2198 337 spec1es
2227 290 2272 324 ab

1318 329 1384 365 alia
1399 329 1625 377 distinguitur
1653 344 1798 379 propter
1813 338 1977 383 majorem
1994 365 2003 379 ,
2029 345 2081 373 vei
2099 342 2270 374 minorem

1318 381 1584 426 replicationem
1599 382 1721 417 talium
1737 388 1910 420 unitarum
1925 416 1932 424 .
1956 387 2132 433 Quaelibet
2147 399 2269 423 autem

1317 428 1444 475 species
1462 435 1493 466 in
1507 430 1536 465 {e
1555 430 1773 467 indivisibilis
1800 434 1848 470 est
1868 448 1932 471 una
1951 438 1998 470 ob
2022 435 2265 472 indivifib‘lem

1316 483 1490 515 rationem
1506 479 1649 526 speciei,
1679 485 1886 528 inquantum
1909 485 1955 521 est
1985 487 2131 532 species,
2157 499 2264 533 quam

1314 540 1438 564 omnes
1457 531 1519 565 illae
1533 533 1690 567 unitates
1703 536 1912 580 participant
1926 563 1935 578 ‚
1949 536 1979 570 ἃ
1994 537 2197 582 inquantum
2212 534 2265 570 di-

1316 577 1566 624 stinguuntur3
1596 581 1675 616 cum
1698 584 1831 617 interse
1866 590 1979 629 magis
2004 584 2189 621 ‹iivraesmt
2205 595 2265 631 per

1317 628 1410 664 aliud
1423 656 1433 671 ‚
1445 630 1538 675 quod
1553 630 1600 667 est
1614 642 1714 667 extra
1729 637 1901 668 rationem
1917 635 2060 680 speciei.
2083 634 2265 670 Numerus

1315 690 1403 724 ergo
1417 679 1465 715 est
1483 692 1572 716 unus
1585 680 1630 716 ab
1643 687 1773 717 unitate
1796 683 1941 730 speciei,
1961 684 2004 720 de
2029 696 2098 732 qna
2125 687 2266 731 partiei-

1314 737 1399 775 pant
1431 734 1587 768 unitates
1624 732 1719 767 illum
1764 744 1945 768 numerum
2003 734 2266 780 distinguentes.

1317 778 1468 828 Qnto
1480 784 1588 828 igitur
1600 785 1712 827 magis
1726 787 1882 818 unitates
1894 785 2107 831 participant
2122 783 2269 818 eandem

1312 839 1479 866 naturam
1491 859 1501 874 ‚
1518 841 1618 868 tanto
1637 831 1692 867 ille
1706 844 1873 868 numerus
1887 833 1991 868 habet
2005 837 2199 869 unitiorem
2215 844 2269 867 ra·

1317 884 1449 914 tionem
1463 883 1565 916 unius
1584 886 1743 917 numeri.
1769 883 1904 918 Verius
1921 896 2010 929 ergo
2034 893 2108 918 tres
2123 882 2268 928 peribnae

1313 928 1434 978 divine⁵
1447 931 1523 966 sunt
1539 942 1635 974 tres,
1659 944 1765 979 quam
1794 944 2011 980 quaecunque
2032 937 2098 969 tria
2130 941 2267 966 creata:

1312 989 1422 1026 atque
1434 982 1482 1018 ita
1496 982 1551 1018 ille
1565 994 1732 1018 numerus
1746 982 1793 1018 est
1810 988 1927 1018 verior
1940 993 2109 1020 numerus
2125 1009 2136 1024 ‚
2149 982 2179 1016 8(
2195 994 2268 1016 rna-

1312 1031 1369 1075 gis
1385 1042 1475 1067 unus
1490 1060 1501 1076 ‚
1517 1044 1623 1080 quam
1637 1034 1836 1080 quicunque
1850 1035 1940 1069 alius
1954 1062 1964 1077 ,
1987 1045 2058 1080 quo
2076 1044 2268 1067 numeran-

1313 1089 1372 1114 tur
1386 1091 1507 1117 caetera
1522 1081 1645 1119 entiai
1668 1083 1781 1118 tribus
1801 1085 1955 1130 personis
1969 1084 2121 1119 divinis:
2139 1085 2218 1116 cum
2235 1083 2268 1116 in

1311 1130 1457 1178 reliquis
1474 1133 1640 1168 omnibus
1653 1132 1691 1168 fit
1709 1133 1920 1180 impoffibilis
1940 1135 2058 1169 unitas
2074 1132 2152 1179 ejus
2166 1144 2269 1177 gene-

1311 1182 1362 1213 ris
1376 1206 1386 1220 ‚
1402 1192 1475 1227 quo
1490 1192 1555 1217 una
1573 1209 1583 1224 ‚
1614 1182 1803 1232 eademque
1818 1196 1943 1221 natura
1961 1181 2010 1219 est
2026 1194 2092 1220 una
2113 1187 2143 1216 in
2155 1182 2268 1217 tribus

1314 1229 1459 1266 realiter
1471 1230 1636 1267 distint‘tis
1652 1258 1662 1267 .

1360 1279 1481 1327 Aliqui
1510 1280 1652 1328 quaefito
1675 1283 1920 1330 respondentes
1948 1294 1993 1331 eg(
2015 1283 2178 1318 sententia
2214 1281 2267 1315 di-

1309 1337 1415 1372 cunt,
1441 1336 1614 1366 terminos
1628 1336 1826 1369 numerales
1840 1362 1850 1377 ‚
1879 1344 1984 1380 prout
1998 1333 2039 1368 de
2053 1333 2181 1367 divinis
2197 1343 2269 1378 per-
2309 1318 2337 1385 {¹
2349 1317 2506 1393 {zj'ssjfflc

1309 1377 1401 1413 sonis
1415 1381 1652 1426 praedicantur
1667 1409 1678 1424 ,
1691 1394 1758 1417 non
1775 1383 1905 1420 desumi
1922 1381 1939 1417 a
1958 1394 2105 1417 numero
2117 1408 2128 1424 ‚
2143 1386 2201 1427 qui
2219 1380 2267 1416 est
2369 1375 2507 1422 visendo}

1308 1429 1440 1476 species
1450 1434 1680 1476 quantitatis:
1697 1436 1776 1478 quia
1794 1443 1880 1467 tunc
1895 1432 1938 1467 de
1956 1432 2037 1468 Deo
2051 1431 2180 1466 nonnisi
2201 1443 2271 1465 me-
2309 1436 2439 1478 tiaymn.
2486 1452 2507 1460 -·

1310 1479 1494 1526 taphorice
1522 1480 1729 1518 diceretur:
1758 1481 1857 1518 sicuti
1886 1482 1916 1516 ἃ(
1937 1483 2011 1517 alia:
2035 1488 2270 1530 proprietates
2309 1473 2508 1509 ‘istst-44¹3·

1310 1530 1547 1575 corporalium
1565 1531 1639 1566 :sed
1654 1531 1793 1579 accipia
1812 1531 2043 1568 multitudine
2056 1559 2066 1574 ‚
2082 1530 2267 1566 secundum

1308 1578 1403 1625 quod
1417 1577 1464 1614 est
1481 1580 1722 1617 transcendens
1735 1609 1743 1617 .
1769 1582 1908 1618 Contra
1926 1594 1935 1615 τ
1964 1581 2023 1617 etii
2045 1593 2212 1617 numerus
2225 1580 2266 1616 fit

1310 1628 1498 1664 multitudo
1513 1653 1524 1671 ‚
1547 1642 1613 1666 non
1628 1642 1743 1667 tamen
1760 1632 1900 1679 perinde
1926 1632 2119 1668 multitudo
2145 1630 2193 1666 est
2206 1643 2268 1666 nu-

1310 1689 1449 1720 merus,
1464 1678 1522 1714 nisi
1541 1680 1580 1716 fit
1595 1693 1656 1728 per
1668 1693 1775 1716 unum
1794 1681 1943 1729 ejusdem
1961 1681 2110 1717 rationis
2129 1683 2261 1718 mensu-

1312 1733 1489 1774 rata:quia
1502 1741 1579 1775 quae
1595 1731 1667 1766 sunt
1683 1742 1787 1766 unum
1800 1736 2051 1778 aggregatione
2065 1759 2075 1774 ,
2089 1732 2163 1766 sunt
2178 1733 2268 1767 mul·

1310 1787 1346 1814 ta
1362 1804 1373 1819 ,
1401 1778 1432 1813 &
1449 1779 1643 1815 multitudo
1657 1808 1667 1823 ‚
1693 1793 1757 1816 nec
1779 1791 1896 1817 tamen
1911 1782 1957 1817 est
1969 1783 2028 1818 tali
2055 1787 2084 1816 in
2113 1783 2271 1817 multitu-

1309 1827 1392 1863 dine
1409 1833 1500 1864 ratio
1516 1835 1667 1873 numeri,
1683 1831 1783 1878 cujus
1798 1836 1916 1867 unitas
1934 1831 1982 1867 est
2000 1836 2121 1867 verior
2136 1837 2271 1868 unitate

1308 1890 1373 1926 per
1387 1883 1787 1926 aggregationem3ergo
1799 1892 1877 1916 cum
1896 1885 1930 1916 in
1948 1882 2030 1918 Deo
2043 1882 2215 1917 veriffime
2230 1880 2269 1916 sit
2335 1911 2359 1939 D
2388 1911 2409 1929 ἢ
2433 1922 2444 1931 ,

1307 1931 1401 1963 rat-10
1414 1930 1550 1963 numeri
1568 1941 1628 1976 per
1644 1934 1799 1966 omnium
1826 1935 2020 1967 maximam
2052 1934 2269 1968 convenien·
2308 1922 2509 1989 Merzlxil'jilm

1307 1978 1394 2013 tiam
1412 1978 1563 2024 plurium
1580 1984 1612 2015 in
1627 1991 1718 2022 uno,
1742 1980 1775 2014 &
1794 1979 1969 2016 veriffiona
1996 1985 2139 2016 trinitas
2155 1983 2268 2028 perio·
2308 1999 2338 2027 q.
2355 1981 2404 2026 14'.

1308 2039 1456 2070 narum,
1487 2033 1516 2063 is
1539 2041 1704 2066 numerus
1728 2042 1794 2066 non
1822 2030 1935 2077 potest
1959 2030 2024 2067 effe
2052 2041 2225 2079 acceptus
2250 2032 2269 2069 a

1310 2077 1535 2114 multitudine
1547 2107 1558 2122 ‚
1571 2089 1613 2116 ut
1624 2079 1674 2116 est
1689 2079 1940 2117 transcendens
1953 2108 1961 2117 .
1983 2081 2271 2128 Deinde‚quam-

1310 2131 1367 2163 vis
1379 2139 1546 2164 numerus
1559 2157 1568 2172 ‚
1580 2138 1620 2165 ut
1639 2131 1718 2166 Deo
1733 2135 1923 2174 convenit,
1950 2136 2060 2178 accipi
2077 2143 2119 2167 nc
2132 2143 2231 2176 ineat
2249 2132 2268 2168 a

1311 2189 1459 2214 numero
1495 2179 1734 2222 accidentali,
1763 2184 1823 2226 qui
1849 2181 2005 2227 exsurgit
2035 2193 2081 2217 ex
2098 2181 2268 2219 divisione

1310 2228 1543 2275 quantitatis,
1557 2238 1715 2266 attamen
1729 2241 1894 2265 numerus
1909 2230 2178 2266 mathematicus
2195 2245 2272 2279 per-

1312 2277 1394 2314 inde
1411 2276 1607 2315 abstrahita
1625 2292 1773 2316 numero
1791 2281 2023 2322 accidentali,
2039 2283 2071 2316 8(
2089 2281 2269 2318 essentiali:

1312 2327 1407 2364 Υεέὶὲ
1419 2333 1509 2363 enim
1527 2329 1675 2364 dicimus
1687 2341 1757 2366 tres
1785 2329 1916 2372 lineas,
1940 2331 1972 2365 8(
1999 2340 2070 2368 tres
2096 2333 2268 2377 Angelos,

1312 2387 1459 2426 propter
1473 2379 1549 2425 ejus
1560 2383 1697 2415 numeri
1722 2379 1995 2415 abstrac‘tionem
2011 2382 2110 2427 supra
2124 2384 2263 2428 explica
2364 2379 2506 2429 Quodiih.

1311 2439 1408 2470 tam;
1437 2439 1523 2475 ergo
1541 2440 1621 2464 cum
1644 2433 1781 2465 termini
1811 2431 2009 2465 numerales
2027 2431 2197 2466 dicuntur
2224 2432 2267 2467 de
2300 2424 2445 2494 {ft-92:¹2⁶·
2461 2422 2507 2448 De

1311 2479 1465 2526 personis
1479 2478 1608 2513 divinis
1622 2506 1631 2521 ,
1652 2481 1743 2514 ratio
1756 2479 1977 2516 discretionis
1990 2493 2110 2516 earum
2137 2482 2271 2517 abstra-

1314 2527 1436 2564 hitura
1454 2539 1601 2564 numere
1613 2531 1754 2576 proprie
1771 2539 1931 2575 accepto,
1944 2535 2004 2578 qui
2023 2531 2070 2566 est
2085 2538 2270 2578 quantitas

1312 2579 1482 2619 discreta,
1512 2591 1572 2625 per
1594 2591 1702 2626 quam
1728 2578 1997 2616 abstrafftionem
2017 2582 2208 2617 absolvitur
2224 2582 2269 2616 ab

1311 2632 1410 2664 omni
1423 2627 1593 2674 politione
1606 2657 1615 2671 ‚
1634 2629 1665 2664 8<
1683 2628 1748 2663 situ
1763 2657 1771 2664 .
1789 2629 1959 2677 Denique
1973 2658 1983 2673 ‚
1997 2643 2183 2675 numerus,
2199 2644 2270 2679 quo

1313 2689 1541 2715 numerantur
1557 2678 1747 2715 substantiae
1762 2679 1955 2726 spirituales
1973 2710 1982 2724 ‚
2011 2680 2028 2717 ὲ
2053 2694 2125 2728 quo
2139 2685 2271 2728 accipi-

1312 2732 1397 2766 tur?
1413 2729 1448 2763 Si
1466 2728 1484 2764 a
1500 2729 1880 2776 multitudineaccepta
1898 2732 2180 2767 transcendent-er
2194 2746 2203 2773 3
2217 2745 2271 2767 er-

1312 2792 1360 2827 go
1377 2779 1605 2825 sunt-praecise
1616 2791 1723 2814 unum
1736 2792 1799 2826 per
1818 2786 2128 2827 aggregationem:
2150 2780 2184 2815 id
2207 2794 2270 2816 au-

1312 2840 1383 2866 tem
1407 2827 1454 2863 est
1471 2828 1614 2865 falsum:
1638 2842 1716 2866 nam
1744 2841 1823 2864 cum
1840 2842 1963 2866 omnes
1993 2831 2058 2867 s1nt
2077 2829 2271 2866 substantia:

1313 2879 1534 2927 spirituales,
1561 2882 1792 2916 conflaturex
1805 2886 1857 2915 eis
1875 2893 1983 2916 verus
2001 2893 2169 2918 numerus
2186 2882 2270 2916 indi-

1311 2929 1458 2966 visibilis
1473 2930 1595 2977 speciei
1610 2943 1670 2978 per
1686 2931 1970 2966 convenientiam
1987 2946 2018 2968 in
2035 2936 2134 2966 unica
2151 2931 2267 2967 {altem

1314 2983 1453 3016 ratione
1467 2982 1646 3027 generica:
1665 2981 1702 3016 Si
1719 2980 1736 3015 a
1751 2992 1897 3016 numero
1909 2983 2050 3028 proprie
2067 2980 2269 3028 dictmqua-

1302 3042 1406 3069 tenus
1423 3041 1483 3077 per
1498 3029 1763 3067 abstraffionem
1789 3029 1827 3064 fit
1843 3033 2006 3066 immunis
2036 3031 2053 3067 a
2071 3035 2268 3078 proprieta—
2306 3049 2504 3087 ¹‚j,st,g‚q,4‚

1309 3082 1407 3117 tibus
1434 3085 1668 3127 quantitati33
1693 3093 1780 3127 ergo
1803 3079 2030 3118 conlimiliter
2054 3080 2268 3117 abstrahitur

1308 3142 1477 3166 numerus
1503 3129 1622 3166 dietus
1643 3130 1687 3167 de
1717 3130 1800 3166 Deo
1821 3156 1832 3172 ,
1853 3129 1871 3164 a
1897 3135 2095 3177 quantitate
2120 3130 2267 3165 discreta

1311 3184 1444 3217 amotis
1457 3192 1518 3229 per
1532 3180 1745 3216 inteliefhim
1764 3179 2028 3215 conditionibus
2046 3181 2272 3216 materialtta-

1311 3235 1381 3274 εἰς,
1402 3231 1435 3265 8(
1461 3230 1571 3273 situs,
1593 3231 1625 3264 8(
1650 3230 1832 3277 politionis
1859 3232 2108 3271 ,manentibus
2131 3242 2269 3266 tantum

1312 3284 1450 3317 ratione
1466 3279 1572 3328 ipfius
1589 3280 1825 3324 discretionis,
1839 3279 1871 3314 8<
1885 3286 2138 3316 convenientia
2154 3285 2272 3314 unita-

1316 3341 1390 3367 tum
1407 3334 1441 3366 in
1455 3335 1610 3366 unitate:
1635 3329 1932 3375 quemadmodum
1947 3344 1965 3366 a
1986 3335 2139 3377 propriis
2152 3342 2270 3365 rerum

1313 3390 1520 3416 creatarum
1535 3381 1730 3417 rationibus
1743 3391 1866 3415 extera
1881 3386 1999 3415 omnia
2011 3381 2271 3421 abstrahuntur-3

1314 3441 1390 3478 quae
1405 3431 1488 3467 Deo
1503 3430 1596 3466 ιἐἒὶὲ
1608 3431 1852 3467 attribuuntur
1879 3430 2013 3466 seclusis
2041 3429 2274 3478 impcrfeftio·

1310 3481 1417 3517 nibus
1435 3507 1444 3516 .

1364 3534 1425 3565 An
1444 3530 1727 3569 ARGUMENTA.
1754 3530 1810 3565 Ad
1838 3532 1986 3578 primum
2013 3530 2202 3576 respondeo
2227 3541 2272 3564 cx

1310 3579 1414 3615 dietis
1428 3581 1651 3628 irtsolzcgl‘otie
1665 3610 1674 3623 ,
1695 3593 1728 3615 ιη
1747 3580 1830 3617 Deo
1846 3593 1971 3616 revera
1987 3581 2117 3614 nullum
2132 3579 2195 3615 eil‘e
2208 3591 2273 3613 nu-

1312 3642 1461 3672 merum,
1476 3632 1589 3678 qualis
1606 3631 1653 3667 est
1669 3634 1700 3665 in
1715 3640 1853 3665 caeteris
1867 3631 2005 3665 entibus
2019 3630 2060 3664 ab
2078 3631 2158 3677 ipio.
2175 3629 2230 3664 Na
2240 3641 2272 3663 m

1315 3681 1452 3716 cumea
1469 3685 1604 3717 unitate
1618 3681 1682 3717 sint
1694 3692 1801 3716 unum
1815 3692 1888 3716 tres
1905 3680 2029 3714 divinae
2044 3680 2189 3726 personat
2203 3708 2212 3722 ‚
2229 3679 2272 3714 ad

1314 3742 1420 3777 quam
1434 3733 1581 3766 unitatis
1600 3735 1771 3767 rationem
1789 3731 1853 3765 alia
1867 3741 2073 3778 quecunque
2089 3734 2178 3764 entia
2194 3742 2274 3772 per-

1314 3786 1453 3827 tingere
1467 3807 1476 3823 ‚
1489 3781 1537 3816 est
1550 3780 1755 3829 impossibile
1770 3807 1780 3822 ‚
1792 3780 1905 3815 nullus
1919 3791 2099 3822 numerus,
2110 3792 2181 3827 quo
2198 3791 2274 3813 om-

1314 3834 1373 3867 nia
1389 3832 1454 3867 alia
1470 3835 1648 3868 numerari
1662 3830 1813 3881 poffum,
1830 3828 1878 3863 est
1893 3843 1926 3865 in
1942 3829 2040 3868 Deo:
2059 3830 2113 3866 sed
2133 3831 2275 3865 alterius

1747 3882 1780 3918 A
1794 3892 1813 3917 a
1827 3891 1846 3915 a
1861 3892 1879 3916 z
2182 3890 2259 3913 om-
