2650 4142
127 457 152 478 ⁴1·
164 449 280 480 Metzph.
291 456 343 484 φς.

127 494 156 511 ιι.
165 488 231 518 p&
240 491 265 515 4·

105 1206 135 1227 ‘2-
145 1202 201 1228 dist.
221 1211 244 1236 ς.
258 1211 284 1234 q.
300 1206 327 1229 6.

110 1235 138 1266 ς·
146 1236 183 1260 Ad
194 1244 325 1268 argumen-

109 1273 186 1302 upn
195 1272 306 1303 opimone
315 1285 324 1293 .

107 1776 195 1803 :in-iifl.
212 1785 237 1809 3.
252 1784 276 1807 q.
289 1778 316 1801 6.

104 1811 128 1837 θ.
139 1811 175 1834 ΛΑ
185 1818 317 1840 argumen-

104 1848 179 1876 tapro
191 1843 314 1877 opinione·

114 2595 153 2613 iz·
167 2584 325 2619 metaph-fut

110 2627 150 2649 25·
164 2622 189 2646 ει
211 2619 289 2645 26.F.t
310 2617 328 2640 ίι

113 2658 209 2681 comm
230 2660 267 2677 n-
278 2650 334 2675 Me-

114 2687 184 2721 taph.
207 2694 228 2709 ι.
242 2689 282 2712 51·
299 2684 329 2706 ἕ»

115 2717 330 2751 digrefllvideatur

114 2753 209 2779 sentiie
243 2750 329 2775 Deum

117 2793 171 2810 non
184 2783 331 2814 intelligere

114 2813 332 2850 fingiilariigtz¹m6

116 2850 264 2877 stim—icles
277 2863 283 2872 .
307 2854 329 2876 3·

113 2879 336 2915 Metapbwqsum·

116 2926 139 2944 ι.
156 2921 245 2940 contra
273 2915 336 2938 ὲιῐι·

115 2947 249 2982 peiloclem
286 2952 334 2974 op-

115 2980 225 3013 pofitum
251 2978 331 3003 dicit·

116 3014 168 3041 Ubi
179 3010 294 3040 notior.

386 174 511 237 186

379 260 545 305 dignitati
558 256 758 295 intellefhis
774 284 784 300 ‚
808 271 872 296 nec
885 272 1073 307 propterea
1088 262 1258 298 dicendus
1283 262 1330 297 est

375 309 568 347 vilescere:
598 307 644 343 Et
661 313 709 343 ita
734 311 809 344 sane
837 310 999 355 intelligit
1023 316 1176 357 primum
1203 314 1328 359 princi-

372 362 472 409 pium
493 383 504 399 ‚
524 368 565 394 ut
580 362 612 392 in
628 357 917 393 antecedentibus
946 359 1014 394 fuit
1039 361 1278 397 declaratum.

424 406 482 444 Ad
496 406 700 445 Secundum
730 407 961 455 Respondc03
986 414 1152 456 quoniam
1177 415 1256 459 quis
1272 422 1327 445 ar·

370 465 442 494 tem
457 456 515 492 sibi
533 459 716 504 acquirere
736 456 850 503 petest
864 459 895 492 8(
914 471 975 506 pei·
990 460 1325 506 experimentiim‚&

370 520 433 557 per
446 507 644 543 doctrinam
669 518 678 538 :
709 509 768 553 qui
801 518 910 542 artem
939 508 1063 544 didicit
1080 512 1164 544 citra
1183 512 1325 557 experi-

370 567 528 594 mentum
545 584 554 600 ‚
577 561 690 591 minus
707 566 804 592 certo
821 558 1023 603 operabitur
1040 586 1049 601 ‚
1075 559 1179 607 quam
1195 571 1323 607 exper-

370 616 454 642 tus:
476 608 752 642 &nihilominus
765 610 831 641 erit
845 607 1025 653 perfectus
1040 609 1169 644 artifex
1198 621 1242 645 ex
1262 610 1323 646 ha-

367 658 439 692 bitu
460 656 615 704 perfecto
631 660 720 691 artis
738 657 956 692 universalis.
973 657 1069 705 Qiia
1089 661 1199 703 igitur
1217 659 1322 695 Deus

366 707 413 744 est
425 705 662 755 sapientissime
680 732 689 747 ‚
717 716 759 740 ac
775 704 955 741 certissime
981 719 1159 753 operans3
1183 721 1249 743 non
1273 709 1321 745 est

368 765 401 795 in
416 770 457 793 eo
472 768 528 792 ars
547 756 603 791 sub
618 756 756 790 ratione
774 756 985 791 universalis
1002 754 1156 800 habitus,
1169 759 1221 794 sed
1235 767 1321 805 que-

366 806 598 845 madmodum
614 804 706 840 estin
723 815 766 840 eo
782 831 792 847 ‚
816 808 874 850 qui
893 818 955 852 per
972 806 1079 841 multa
1098 812 1319 854 experimen-

364 869 401 896 ta
415 856 556 893 Artifex
570 854 748 902 perfefflus
772 853 901 890 evalit.
928 855 963 889 Is
981 865 1100 890 autem
1125 858 1186 891 scit
1208 859 1320 904 appli-

362 908 540 944 cationem
559 906 644 940 artis
662 903 887 945 universalis,
909 916 955 939 ex
969 905 1107 939 scientia
1123 906 1317 942 individuo-

361 968 441 994 rum
469 983 480 1000 ‚
502 956 536 990 8<
568 953 932 995 circumstantiarum,
961 963 1007 988 ex
1030 956 1158 1000 quibus
1187 957 1316 1002 pendet

364 1008 449 1043 felix
465 1009 583 1043 exitus
597 1003 792 1048 operabilis
809 1016 818 1043 ;
837 1006 943 1047 igitur
954 1003 1067 1039 multo
1081 1007 1195 1052 magis
1209 1006 1314 1043 Deus

362 1057 470 1092 habet
484 1052 706 1091 certiflimam
719 1054 951 1096 cognitionem
977 1052 1239 1090 individuorum
1253 1084 1263 1097 ,
1280 1057 1313 1092 ἃ

359 1105 567 1142 cunctorum
579 1102 646 1148 ipsa
661 1099 960 1136 circumstantium
975 1130 985 1145 ‚
1013 1105 1141 1151 quippe
1168 1109 1200 1139 in
1215 1105 1314 1154 cujus

358 1157 566 1203 operatione
581 1151 694 1185 nullus
712 1155 910 1197 contingere
924 1151 1020 1197 pollit
1037 1165 1136 1190 error
1151 1182 1160 1190 .

409 1203 466 1240 Ad
481 1200 644 1238 Tertium
662 1200 845 1235 dicendum
862 1228 873 1243 ‚
899 1201 1085 1247 singulare
1108 1204 1174 1242 esse
1193 1217 1256 1253 per
1280 1206 1310 1241 se

355 1251 577 1299 intelligibile
590 1278 600 1291 .
623 1258 796 1298 quantum
813 1248 861 1284 est
875 1261 922 1284 ex
938 1260 1038 1297 parte
1057 1253 1130 1288 sui:
1155 1255 1311 1292 ficutiest

354 1311 417 1351 per
435 1302 463 1337 se
481 1312 563 1337 ens.
591 1298 638 1335 Et
652 1299 733 1334 cum
748 1299 930 1344 subditur3
960 1305 1042 1348 quia
1061 1302 1311 1350 singularitatis

353 1353 563 1399 principium
577 1349 625 1385 est
639 1352 785 1384 materia
800 1376 810 1391 ‚
837 1361 913 1396 quae
926 1352 1055 1386 nullam
1073 1354 1177 1392 habet
1190 1355 1310 1390 simili-

352 1402 507 1439 tudinem
539 1403 573 1434 iri
608 1399 714 1435 Deo.
737 1398 946 1446 Respondeo
962 1428 972 1444 ‚
1000 1405 1206 1448 materiam,
1233 1417 1309 1452 quae

352 1451 402 1488 est
420 1452 529 1487 altera
545 1460 628 1498 pars
652 1447 833 1495 compositi
850 1476 860 1492 ‚
888 1449 953 1485 esse
977 1464 1046 1487 non
1073 1454 1164 1501 posse
1183 1459 1311 1503 princi.

352 1506 450 1553 pium
465 1499 759 1536 individuationis
774 1526 783 1541 ‚
808 1498 1045 1545 explicabitur
1062 1503 1149 1539 infra
1165 1531 1176 1547 ,
1197 1518 1228 1553 q.
1252 1517 1307 1551 50.

352 1564 463 1598 art-4.
473 1550 649 1586 Caeterum
668 1545 903 1584 abstrahendo
917 1550 960 1585 ab
974 1550 1041 1585 hac
1054 1554 1310 1598 controversia,

354 1606 537 1640 materiam
552 1599 680 1634 habere
692 1603 872 1646 propriam
883 1599 998 1636 ideam
1013 1628 1023 1644 ‚
1044 1603 1101 1638 vel
1114 1601 1307 1639 similitudi-

350 1664 428 1689 nem
450 1653 483 1686 in
500 1651 585 1687 Deo
603 1663 613 1691 3
633 1661 674 1684 ac
687 1648 832 1696 proinde
847 1649 911 1685 esse
922 1662 983 1696 per
997 1651 1025 1686 le
1044 1653 1306 1700 intelligibilem

349 1702 483 1754 patebit
500 1699 684 1748 quaestione
686 1699 860 1747 sequenti
874 1727 884 1741 ,
896 1702 1049 1736 articulo
1064 1713 1094 1750 3.

401 1751 459 1787 Ad
476 1751 660 1797 Quartum
677 1749 911 1796 Respondeo:
935 1749 1000 1786 Per
1026 1751 1094 1787 hoc
1113 1752 1208 1801 quod
1233 1755 1308 1800 spe-

350 1806 425 1838 eies
443 1800 491 1837 est
509 1800 666 1842 athoma,
683 1798 731 1833 est
749 1798 969 1835 indivisibilis
984 1803 1016 1836 iii
1035 1803 1153 1848 p'ures
1168 1803 1308 1851 species:

349 1852 405 1888 sed
430 1862 512 1886 cum
534 1848 596 1886 tali
622 1847 900 1885 indivifibilitate
933 1849 1000 1886 stat
1026 1852 1246 1889 divifibilitas
1276 1856 1308 1887 in

348 1903 450 1952 plura
478 1899 631 1948 ejuidem
659 1898 805 1944 speciei.
834 1898 893 1934 Ad
920 1898 1226 1938 confirmationem
1252 1901 1308 1936 di-

348 1950 497 1988 cendum
515 1947 739 1985 artificialem
760 1947 967 1984 divisionem
984 1947 1110 1987 statum
1133 1951 1261 1988 habere
1275 1955 1309 1986 in

351 2000 468 2050 specie
483 1997 740 2048 specialissima:
764 2002 847 2046 quia
869 1999 1021 2035 ulterius
1053 2002 1241 2048 procedere
1259 2000 1309 2038 est

349 2050 501 2087 incidere
517 2052 548 2085 in
565 2047 737 2083 infinitum
749 2075 759 2090 ‚
785 2048 881 2095 quod
896 2047 943 2084 est
957 2049 1001 2084 ab
1016 2061 1089 2087 arte
1114 2053 1309 2099 relinquen-

349 2100 457 2136 dum=
491 2095 681 2136 individua
704 2101 797 2133 enim
822 2102 852 2133 in
877 2097 1001 2135 eadem
1029 2100 1140 2147 specie
1173 2100 1309 2148 possunt

351 2148 547 2198 procedere
577 2150 612 2185 in
634 2146 807 2183 infinitum
821 2174 832 2190 ‚
855 2157 901 2183 ex
932 2160 975 2184 eo
991 2149 1088 2196 quod
1104 2149 1188 2186 nihil
1205 2151 1244 2188 iit
1261 2161 1307 2187 ex

350 2209 452 2248 parte
469 2210 591 2235 eorum
608 2225 618 2241 ‚
639 2198 729 2234 unde
744 2196 788 2232 ad
818 2206 954 2233 certum
986 2211 1172 2236 numerum
1190 2200 1307 2237 deter-

353 2253 546 2285 minentur.
573 2247 706 2285 Striete
723 2250 832 2295 igitur
859 2246 1064 2284 divifionem
1092 2251 1308 2297 accipiendo,

354 2308 462 2348 prout
486 2298 594 2335 afficit
628 2298 736 2340 illud,
761 2297 855 2345 quod
879 2300 1030 2345 requirit
1060 2300 1316 2337 determinatas

355 2359 476 2397 partes
504 2349 535 2382 in
555 2348 800 2390 multitudine,
826 2348 955 2393 species
984 2361 1051 2384 non
1085 2349 1257 2386 dividitur
1282 2352 1317 2386 in

357 2398 567 2434 individua:
588 2396 658 2433 Etsi
674 2409 800 2433 revera
817 2397 970 2444 alioquin
983 2400 1256 2447 unumquodque
1270 2404 1319 2436 in-

358 2447 588 2483 dividuorum
608 2452 752 2494 proprio
762 2446 842 2482 aestu
856 2446 1063 2483 substantiali
1077 2449 1319 2491 constituatur,

361 2497 393 2533 &
413 2499 458 2533 ab
473 2499 585 2533 altero
601 2496 846 2543 distinguatur:
861 2507 931 2532 non
950 2498 1038 2532 vero
1057 2510 1118 2544 per
1133 2499 1318 2546 quantita-

358 2552 406 2584 tis
419 2546 705 2594 designationes:
733 2554 900 2581 caeterum
923 2547 1149 2590 intelligentia
1165 2551 1279 2594 primo
1293 2546 1316 2580 fi

363 2595 493 2633 sisteret
510 2601 540 2631 in
559 2599 694 2631 ratione
712 2594 869 2643 specifica
885 2622 896 2638 ‚
925 2596 1130 2643 imperfeEta
1158 2596 1239 2634 essct
1253 2624 1264 2639 ‚
1286 2597 1320 2631 8<

367 2651 400 2683 in
426 2648 587 2694 potentia
614 2645 660 2679 ad
685 2644 934 2692 perfefflorem
964 2650 1199 2692 cognitionem
1215 2674 1226 2690 ‚
1251 2657 1321 2694 qua

368 2707 493 2743 nempe
512 2702 767 2741 attingerentur
784 2694 967 2730 individua
985 2722 996 2738 ‚
1012 2708 1087 2742 quae
1104 2709 1165 2744 per
1180 2697 1211 2731 se
1225 2695 1323 2731 ordi-

368 2754 495 2783 nantur
518 2745 560 2780 ad
582 2745 752 2780 summum
782 2743 932 2779 bonum:
958 2755 1063 2791 atque
1091 2745 1232 2782 subinde
1259 2745 1322 2780 sub

367 2796 589 2846 'providentia
607 2793 774 2830 Reeioris
799 2792 1039 2829 universitatis
1068 2807 1187 2832 rerum
1208 2798 1323 2844 primo

369 2848 516 2884 veniunt
535 2872 545 2888 ‚
561 2849 662 2892 eique
679 2842 813 2881 directe
828 2844 1079 2882 subiiciuntur,

518 2942 1031 2981 ARTICULUS
1095 2943 1181 2982 XII.

458 3047 597 3083 Utrum
614 3042 719 3081 Deus
735 3043 835 3093 poffit
858 3042 1066 3090 cognoscere
1082 3043 1217 3080 infinita
1229 3072 1240 3083 .

436 3146 562 3182 notior
575 3145 618 3179 de
632 3155 751 3180 rerum
764 3146 968 3192 principie,
985 3156 1016 3191 q.
1037 3145 1090 3178 16.
1106 3154 1139 3178 n.
1153 3156 1213 3191 43⁶
1230 3157 1256 3182 i,

481 3195 559 3242 dist.
573 3203 603 3228 2.
619 3205 676 3242 qu.
698 3205 728 3229 2.
743 3194 772 3241 ᾧ.
787 3193 931 3228 Ostenso
945 3193 1123 3241 proposito
1136 3219 1144 3227 .
1160 3193 1216 3229 De

501 3247 620 3291 primo
628 3246 811 3291 principio
823 3270 833 3286 ‚
847 3254 921 3289 cap.
939 3255 972 3289 4.
989 3242 1137 3278 concini:
1154 3256 1187 3291 9:

552 3304 578 3327 1.
594 3293 741 3340 Report.
758 3293 837 3340 dest.
858 3295 1023 3340 36.q.4.S.
1032 3294 1066 3329 Τ
1064 3292 1149 3330 hom.

635 3353 661 3376 i.
665 3352 703 3390 p.
717 3356 748 3392 q.
768 3355 819 3389 ¹4·
831 3344 984 3380 articulo
1004 3353 1054 3378 12.

369 3441 472 3532 V
486 3437 695 3478 IDETUR
713 3439 815 3477 Deus
827 3437 919 3477 haud
937 3442 1142 3489 cognoscere
1159 3440 1251 3489 posse
1268 3443 1319 3477 in·

499 3491 594 3527 finita
608 3517 616 3525 .
636 3489 731 3526 Nam
749 3489 921 3526 infinitum
933 3519 943 3534 ‚
959 3492 1140 3527 secundum
1155 3490 1252 3539 quod
1267 3494 1320 3526 in-

369 3541 507 3578 finitum
523 3567 533 3583 ‚
553 3539 604 3576 est
619 3541 778 3585 ignotum
795 3566 805 3581 ‚
829 3552 873 3576 ex
892 3553 916 3576 i.
934 3542 1043 3589 “Phyll
1065 3552 1138 3577 tex.
1156 3555 1182 3577 c.
1202 3554 1256 3590 35.
1279 3541 1318 3581 ἐῢ·

370 3603 405 3628 2.
419 3590 623 3638 Metaphysl
648 3599 720 3624 tex.
739 3602 764 3624 c.
787 3590 980 3635 13.dicitur
999 3603 1059 3627 eos
1073 3618 1083 3633 ‚
1111 3595 1170 3638 qui
1188 3598 1322 3638 ponunt

366 3640 578 3676 infinitatem
591 3644 622 3674 in
634 3637 746 3674 causis
763 3637 941 3675 destruere
956 3641 1134 3676 scientiam
1150 3667 1159 3677 .
1174 3641 1248 3677 Dei
1260 3651 1323 3676 au-

366 3698 439 3726 tem
453 3690 632 3725 scientiam
647 3687 866 3735 oporteteli'e
880 3689 1186 3733 exactiffimarmac
1199 3689 1323 3725 distin-

366 3737 572 3774 &iffimamz
596 3750 682 3784 ergo
693 3749 758 3772 non
777 3738 806 3772 se
821 3738 1007 3781 extendit,
1028 3751 1094 3774 nec
1108 3742 1256 3786 attingit
1270 3741 1324 3774 in-

373 3787 696 3835 finita‚undealiqua
711 3786 928 3837 imperfestio
948 3791 980 3824 in
997 3788 1321 3826 illamredundaret.

884 167 933 233 S
935 185 1148 234 limma?
1158 167 1207 250 J
1207 170 1423 235 oannis
1444 165 1619 234 thns
1639 166 1687 233 S
1691 169 1833 233 εστὶ.

1442 259 1632 302 Praeterea,
1663 260 1718 294 Ex
1735 261 1954 307 Augustino,
1981 272 2034 297 12.
2066 260 2109 295 de
2127 258 2243 294 Civit.
2267 268 2347 304 cap.

1398 309 1450 344 18.
1471 308 1666 359 qum‘d
1667 311 1828 355 scientia
1843 307 2342 358 comprehenditur,hoes'cien-

1391 362 1441 393 tis
1454 359 1902 407 comp:‹-el1e⁷4(2'0nestm·mr‚
1930 360 2002 396 Sed
2020 360 2157 395 infinita
2185 368 2250 392 non
2268 355 2345 402 pos-

1390 408 1465 443 sunt
1493 408 1605 443 siniri:
1631 412 1711 455 quia
1736 410 1813 457 jam
1838 411 1970 447 infinita
1999 422 2065 445 non
2093 408 2199 446 essent
2221 417 2230 438 ε
2255 417 2343 451 ergo

1389 458 1517 493 nullius
1535 459 1695 500 scientia,
1728 472 1771 495 ne
1800 460 1872 496 Dei
1897 461 2041 506 quidem
2071 459 2189 495 valent
2210 454 2340 490 infinita

1390 508 1661 554 comprehendi:
1692 507 1833 544 Exinde
1863 513 1954 546 enim
1996 507 2189 543 evaderent
2227 503 2341 540 finita:

1390 569 1453 593 nec
1471 561 1618 603 proinde
1633 558 1678 592 ab
1693 558 1751 592 illo
1769 559 2042 606 intelligerentur
2059 557 2195 592 infinita
2212 580 2222 590 .

1441 606 1571 652 Neque
1589 607 1698 654 juvat
1721 607 1944 653 respondere,
1973 618 2055 644 tunc
2080 619 2119 642 ea
2145 606 2219 641 fore
2242 602 2341 639 finita
2383 641 2390 652 1

1392 656 1547 703 respectu
1573 658 1647 703 ejus
1674 658 1993 703 comprehensionis
2021 684 2031 700 ‚
2060 658 2114 692 sed
2137 667 2204 690 non
2236 657 2270 689 in
2295 653 2340 688 se.

1392 704 1593 752 Nonjuvat
1606 732 1616 747 ‚
1638 710 1800 752 inquam:
1823 712 1905 754 quia
1921 703 2275 753 unumquodquetale
2291 700 2340 737 est

1387 758 1420 789 in
1433 754 1463 789 se
1477 779 1487 795 ‚
1511 755 1613 801 quale
1628 765 1772 801 apparet
1788 758 1872 793 vere
1891 757 2119 803 cognoscenti
2132 754 2236 789 illud:
2250 752 2338 788 alio·

1385 807 1471 850 quin
1486 807 1579 838 enim
1595 802 1842 851 deciperetur:
1874 820 1960 853 crgo
1990 804 2011 839 fi
2029 804 2340 854 respefituscientiae

1383 853 1509 888 divinae
1528 852 1717 896 veriflime,
1729 866 1770 889 ac
1785 857 1990 901 penitiffime
2004 855 2340 905 comprehendentis

1382 904 1501 938 omnia
1519 930 1529 946 ‚
1545 903 1618 937 sunt
1633 902 1752 938 finita:
1779 904 1859 941 &in
1874 907 1998 954 seipsis
2012 915 2115 940 erunt
2129 904 2228 941 finita
2244 913 2252 934 ἵ
2268 905 2339 948 igi·-

1385 962 1444 987 tur
1458 951 1479 986 fi
1494 952 1567 989 Dei
1585 953 1722 989 scientia
1735 960 1985 992 terminaretur
2010 954 2053 989 ad
2069 955 2201 991 infinita
2218 981 2228 997 ‚
2263 963 2335 988 non

1381 1001 1496 1038 forent
1512 1003 1664 1049 amplius
1681 1002 1833 1040 infinita:
1857 1017 1899 1040 ac
1916 1004 2062 1053 proinde
2077 1015 2145 1040 non
2164 1005 2339 1048 contingit

1384 1051 1506 1088 Deum
1520 1052 1734 1097 cognoscere
1748 1052 1883 1090 infinita
1902 1081 1911 1091 .

1430 1101 1600 1137 Praeterea
1614 1127 1625 1143 ‚
1639 1102 1905 1146 Itzfikitttm2n07t
1921 1105 1968 1152 est
1977 1106 2095 1152 majus
2109 1102 2253 1147 infinito
2269 1110 2338 1145 ,ex

1384 1164 1412 1199 3.
1435 1149 1537 1199 Phys.
1551 1151 1673 1197 cap.de
1690 1152 1771 1188 inssi
1788 1162 1907 1190 autem
1924 1155 1998 1193 Dei
2013 1158 2174 1200 cognitio
2186 1152 2269 1188 effet
2286 1155 2340 1187 in-

1382 1202 1558 1237 finitorum
1575 1225 1586 1243 ‚
1598 1211 1706 1237 unum
1722 1201 1997 1241 infinitumsoret
2010 1204 2123 1251 majus
2139 1203 2208 1238 alio
2226 1212 2236 1235 ε
2252 1211 2339 1247 ergo

1384 1251 1456 1288 Dei
1471 1252 1611 1287 scientia
1628 1263 1694 1286 non
1715 1256 1931 1290 terminatur
1942 1256 1985 1291 ad
2000 1253 2128 1289 infinita
2145 1278 2153 1287 .
2165 1251 2342 1287 Probatur

1380 1303 1492 1337 minor
1509 1328 1517 1337 .
1546 1300 1641 1337 Nam
1662 1301 1844 1349 objeftum
1865 1309 2018 1351 primum
2034 1304 2181 1338 scientiae
2197 1329 2208 1345 ‚
2234 1301 2270 1336 8<
2285 1302 2342 1352 in:

1381 1350 1547 1388 telleaestus
1570 1351 1669 1394 Dei,
1702 1352 1750 1388 est
1784 1354 1952 1390 inteniive
1985 1353 2182 1395 infinitum3
2209 1361 2294 1398 ergo
2316 1348 2341 1383 {1

1380 1410 1550 1448 praeterea
1561 1400 1656 1436 alind
1675 1401 1757 1439 esset
1776 1402 1953 1439 infinitum
1971 1407 2153 1450 cognitum
2168 1402 2211 1437 ab
2225 1413 2268 1437 eo
2280 1426 2290 1442 ‚
2304 1410 2344 1433 u-

1379 1463 1461 1486 num
1479 1450 1655 1486 infinitum
1668 1452 1760 1488 aliud
1772 1453 1966 1490 excederet
1980 1466 1990 1496 ;
2019 1452 2076 1490 vel
2088 1453 2180 1489 certe
2192 1450 2342 1486 essentia

1384 1500 1506 1536 divina
1521 1513 1588 1536 non
1605 1503 1866 1549 intelligeretur
1908 1512 1947 1539 ut
1960 1502 2141 1539 excedens
2158 1500 2252 1536 aliud
2265 1498 2343 1534 infi-

1385 1553 1499 1586 nitum
1515 1563 1524 1585 :
1551 1559 1655 1597 atquc
1669 1555 1716 1588 ita
1743 1563 1790 1588 ex
1806 1563 1904 1600 aequo
1928 1552 2022 1588 beati
2049 1551 2282 1599 quiescerent,
2308 1548 2343 1591 Sc

1385 1599 1677 1635 beatificarentur
1691 1605 1722 1635 in
1748 1611 1900 1648 utroque
1927 1602 2087 1637 infinito:
2109 1601 2204 1647 quod
2231 1607 2342 1645 negat

1388 1649 1608 1695 Augustinus
1630 1662 1660 1697 5.
1678 1650 1830 1686 Confess.
1848 1663 1924 1699 cap.
1941 1664 1975 1698 4.
1999 1652 2134 1688 Beatus
2155 1649 2204 1696 est
2219 1651 2282 1697 qui
2293 1657 2342 1690 te,

1381 1699 1420 1740 ἐς
1437 1699 1503 1734 illa
1516 1702 1618 1735 novit
1634 1727 1644 1742 ‚
1658 1711 1718 1735 nec
1733 1710 1853 1735 tamen
1857 1710 2009 1748 propter
2028 1700 2096 1735 illa
2113 1698 2252 1734 beatior
2264 1725 2274 1733 .

1430 1749 1599 1785 Praeterea
1614 1776 1624 1790 ‚
1639 1748 1773 1786 Eadem
1786 1750 2076 1786 inconvenientia
2088 1760 2182 1796 ,quae
2196 1749 2338 1795 sequun-

1380 1809 1440 1836 tur
1452 1826 1463 1842 ‚
1480 1797 1503 1833 fi
1530 1810 1708 1845 ponantur
1732 1798 1813 1835 aftu
1836 1798 1967 1835 infinita
1998 1804 2029 1835 in
2061 1800 2128 1846 effe
2152 1799 2262 1840 reali,
2292 1797 2343 1832 se-

1381 1859 1536 1897 quuntur
1548 1848 1592 1883 ad
1606 1848 1785 1886 infinitum
1800 1853 1833 1885 in
1848 1850 1915 1897 effe
1928 1853 2096 1896 cognito:
2113 1860 2202 1894 ergo
2215 1856 2344 1883 utrun-

1381 1897 1634 1948 queinfinitum
1649 1912 1694 1936 ex
1710 1911 1807 1947 aequo
1822 1908 2009 1946 repugnat.
2024 1899 2198 1934 Probatio
2215 1895 2342 1933 affum-

1360 1981 1361 1984 ,
1383 1952 1456 1998 pti:
1483 1947 1597 1984 Posito
1617 1949 1751 1986 infinito
1763 1951 1796 1985 in
1811 1960 1848 1984 re
1872 1959 1997 1992 extra,
2021 1949 2172 1995 sequitur
2195 1952 2336 1997 partem

1385 1999 1450 2036 esse
1466 1999 1634 2045 aequalem
1648 2004 1716 2035 toti
1732 2003 1828 2035 :imo
1844 1998 1878 2033 8<
1894 2006 1979 2034 toto
1989 1997 2170 2045 majorem:
2184 1995 2334 2043 idipsum

1384 2059 1502 2086 autem
1518 2047 1615 2084 reete
1633 2044 1782 2086 infertur
1798 2060 1843 2085 ex
1857 2048 1992 2084 infinito
2018 2053 2048 2084 in
2065 2056 2181 2084 mente
2204 2046 2347 2082 divina?

1386 2101 1425 2136 Si
1440 2102 1531 2135 enim
1546 2097 1650 2134 Deus
1664 2099 1846 2145 cognoscit
1862 2097 1996 2134 infinita
2014 2097 2165 2133 :exinde
2177 2095 2345 2132 dematur
2363 2138 2367 2141 ¹

1393 2161 1458 2198 per
1472 2146 1689 2184 intellectum
1707 2159 1793 2196 pars
1806 2175 1817 2191 ‚
1843 2157 1883 2184 ut
1897 2155 2037 2184 centum
2050 2158 2058 2182 ε
2070 2157 2146 2195 quae
2162 2151 2347 2181 remanent

1387 2199 1506 2235 adhuc
1519 2197 1767 2234 suntinfinita:
1792 2201 1874 2246 quia
1888 2196 1976 2232 ficut
1997 2196 2135 2233 additio
2160 2193 2246 2232 finiti
2277 2205 2347 2230 non

1388 2247 1473 2285 facit
1487 2245 1679 2283 infinitum:
1704 2250 1753 2283 ita
1775 2259 1838 2285 nec
1859 2248 1992 2284 ablatio
2021 2245 2107 2282 finiti
2132 2245 2175 2282 de
2200 2243 2347 2286 infinito,

1389 2297 1493 2336 efficit
1507 2296 1646 2333 finitum
1663 2324 1672 2333 .
1704 2296 1762 2332 Ex
1789 2298 1845 2333 his
1871 2297 2078 2345 igitur‚quae
2092 2295 2290 2344 supersunt,
2311 2293 2347 2330 δέ

1392 2360 1468 2396 quae
1493 2349 1630 2395 praecisa
1656 2347 1756 2389 sunt,
1784 2345 1845 2382 fiat
1861 2356 1978 2384 totum
1995 2374 2006 2390 ‚
2032 2357 2115 2393 pars
2142 2342 2190 2381 est
2214 2343 2350 2394 equalis

1391 2402 1482 2433 toti.
1510 2397 1606 2432 Nam
1622 2397 1676 2432 vel
1692 2406 1746 2433 tot
1767 2397 1952 2433 millenarii
1972 2397 2093 2432 suntin
2108 2407 2256 2431 numero
2275 2392 2351 2429 infi-

1388 2452 1482 2489 nito,
1504 2456 1593 2493 quot
1621 2446 1770 2481 binarii:
1790 2447 1822 2481 8<
1847 2450 1897 2482 ita
1922 2458 2007 2493 pars
2034 2445 2081 2482 est
2104 2445 2247 2492 aequalis
2275 2444 2348 2480 toti

1388 2498 1545 2531 conflato
1558 2506 1603 2530 ex
1619 2496 1738 2530 multis
1749 2496 1910 2542 partibus
1926 2509 1936 2530 ε
1964 2496 2021 2531 vel
2036 2495 2059 2530 fi
2074 2495 2195 2540 plures
2207 2495 2283 2530 sunt
2298 2495 2349 2529 bi·
2374 2541 2377 2545 .

1388 2549 1497 2587 narii,
1520 2555 1628 2590 quani
1643 2545 1855 2580 millenarii:
1872 2544 2033 2592 profesto
2049 2556 2131 2592 pars
2147 2547 2219 2578 erit
2233 2547 2348 2585 major:

1387 2604 1489 2632 toto.
1514 2593 1745 2639 Propterhaec
1759 2596 1879 2630 omnia
1892 2621 1903 2637 ‚
1927 2593 1960 2628 &
1980 2592 2171 2629 consimilia
2197 2603 2348 2639 negatur

1390 2643 1563 2680 infinitum
1579 2646 1611 2678 in
1627 2655 1663 2678 re
1678 2653 1782 2679 extra
1797 2655 1806 2677 ε
1831 2654 1919 2689 ergo
1935 2654 2002 2679 non
2020 2643 2069 2679 est
2080 2642 2347 2679 concedendum

1390 2696 1424 2729 in
1439 2702 1558 2730 mente
1573 2693 1696 2729 divina
1711 2694 1832 2730 iisdem
1848 2693 2121 2731 absurditatibus
2132 2698 2349 2731 recurrenti·

1392 2744 1479 2781 bus.

1443 2795 1620 2832 CONTRA
1639 2819 1650 2836 ‚
1675 2794 1895 2841 Augustinus
1928 2807 1978 2832 ιε.
2009 2795 2052 2831 de
2065 2794 2184 2831 Civit.
2198 2806 2277 2842 cap.
2295 2796 2347 2832 18.

1396 2846 1465 2883 Eos
1480 2847 1612 2893 quippe
1628 2846 1644 2891 (
1658 2856 1782 2893 nempe
1796 2857 1961 2882 numeros
1974 2846 1992 2894 )
2003 2844 2165 2890 infinitos
2175 2847 2240 2892 efle
2252 2871 2262 2888 ,
2273 2857 2349 2883 cer-

1394 2895 1558 2943 ttffimum
1568 2894 1682 2941 est‚ita
1694 2906 1777 2930 vero
1781 2896 1861 2942 fuis
1865 2895 2154 2944 proprietatibus
2164 2895 2352 2943 unusquis-

1398 2957 1466 2994 que
1482 2956 1645 2981 numerus
1661 2948 1880 2980 terminatur
1893 2971 1904 2987 ‚
1924 2956 1965 2982 ut
1991 2946 2111 2981 nullus
2137 2956 2255 2980 eorum
2274 2955 2348 2993 par

1395 2996 1462 3042 effi
1472 2998 1668 3042 cuicunque
1679 2996 1792 3029 alteri
1796 2994 1894 3042 poffit
1908 3008 1916 3030 :
1930 3007 2013 3041 ergo
2023 2994 2063 3035 ὼ·
2077 2994 2240 3041 dispares
2248 2997 2348 3031 inter

1384 3046 1454 3092 se,
1484 3055 1590 3092 atque
1601 3043 1825 3090 diverfifimt
1839 3070 1849 3086 ,
1871 3043 2052 3090 &singuli
2078 3047 2210 3093 quique
2238 3043 2348 3088 finiti

1383 3095 1500 3142 sunt,
1526 3095 1564 3135 θ’
1589 3105 1703 3128 onmes
1725 3093 1985 3140 infiniti-siant.
2015 3093 2060 3130 Et
2083 3097 2219 3141 pergit:
2241 3096 2348 3131 Itane

1391 3155 1551 3181 numeros
1573 3153 1723 3191 propter
1749 3143 1969 3188 infinitatem
1989 3144 2102 3190 nestit
2117 3145 2348 3191 Omnipotens

1391 3193 1503 3235 Deus,
1514 3193 1553 3233 ὅ
1566 3193 1674 3240 usque
1686 3193 1733 3227 ad
1746 3194 1923 3240 quandam
1927 3194 2108 3240 summam
2122 3205 2346 3230 numerarunt

1379 3243 1543 3290 scientia
1559 3243 1634 3279 Dei
1640 3245 1812 3290 pervenit
1823 3271 1834 3286 ,
1846 3253 1982 3279 caeteros
1995 3247 2143 3290 ignorat
2156 3246 2172 3282 ἑ
2195 3245 2274 3293 quis
2284 3244 2345 3279 hoc

1390 3294 1502 3328 etiam
1513 3293 1576 3328 vel
1583 3292 1850 3339 dementiffimus
1861 3294 2001 3329 dixerit
2012 3295 2029 3330 ?
2053 3291 2159 3336 Ahſst
2170 3295 2293 3342 itaque
2302 3303 2345 3330 ut

1390 3343 1595 3378 dubitemus
1607 3370 1618 3385 ‚
1646 3343 1736 3391 quod
1744 3345 1780 3377 ei
1790 3353 1890 3378 notus
1887 3341 1938 3388 fit
1950 3346 2060 3378 omnis
2073 3354 2238 3378 numerus
2249 3368 2260 3384 ‚
2287 3355 2344 3379 cu-

1381 3395 1450 3440 jus
1459 3390 1838 3440 intelltgentiae‚ficut
1850 3396 1890 3427 in
1915 3394 2055 3440 Psalmo
2080 3395 2223 3428 canitur
2241 3417 2253 3434 ‚
2277 3403 2344 3428 non

1389 3441 1438 3490 est
1449 3453 1617 3479 numerus
1632 3468 1640 3477 .

1440 3491 1674 3528 RESPONDEQ
1689 3490 1877 3528 dicendum
1894 3494 1911 3535 ,’
1927 3492 2048 3529 Deum
2075 3489 2258 3527 certiflime
2282 3503 2342 3528 co-

1389 3542 1551 3588 gnoscere
1565 3542 1645 3577 aftu
1662 3540 1819 3578 infinita.
1849 3542 1945 3579 Nam
1960 3548 2175 3590 quaecunque
2198 3541 2272 3577 sunt
2290 3546 2342 3578 in-

1391 3591 1486 3628 finita
1514 3594 1547 3627 in
1572 3596 1727 3639 potentia
1755 3619 1766 3634 ‚
1787 3591 1878 3628 adeo
1903 3601 1942 3627 ut
1966 3589 2168 3636 accipiendo
2195 3591 2342 3628 aiterum

1391 3640 1628 3689 postalterum
1644 3667 1655 3683 ,
1680 3642 1812 3677 nullum
1838 3640 1973 3689 possunt
1989 3640 2118 3675 habere
2133 3638 2238 3676 finem
2260 3668 2271 3683 ,
2299 3655 2343 3679 ea

1391 3695 1512 3727 omnia
1537 3690 1560 3725 {i
1587 3691 1685 3726 limul
1703 3691 1800 3734 sunt,
1823 3699 1969 3740 oportet
1997 3688 2062 3724 effe
2090 3688 2171 3725 astu
2193 3690 2342 3729 infinita.

1392 3741 1509 3787 Atqui
1537 3740 1768 3786 intelligibilia
1794 3741 1869 3778 sunt
1897 3738 2026 3776 infinita
2053 3741 2085 3774 in
2111 3744 2268 3787 potentia
2292 3754 2342 3778 re-

1393 3790 1511 3837 speetu
1524 3790 1726 3828 intellthus
1743 3793 1868 3828 creati.
1887 3788 2070 3838 Siquidem
2085 3789 2341 3839 quibuscunque

2260 3852 2297 3875 in

2379 3152 2500 3177 Videndus
2520 3151 2592 3182 May-

2377 3193 2457 3209 ronm
2471 3185 2591 3218 ἅψασα).

2378 3222 2402 3246 ς.
2411 3218 2493 3247 mdis).
2507 3226 2530 3250 3.
2540 3223 2590 3250 qq.

2375 3250 2485 3276 Videtur
2509 3252 2587 3276 etiam

2373 3289 2588 3315 argumentum-2

2374 3316 2514 3345 procedere
2525 3316 2586 3344 de..

2375 3348 2479 3373 scientia
2490 3347 2588 3373 visionis

2378 3379 2488 3409 nspec‘iu
2499 3387 2589 3410 opera·

2375 3412 2477 3438 tionum
2489 3413 2586 3438 substan

2374 3445 2468 3470 riarum
2476 3445 2591 3475 spiritua·
2648 3455 2650 3462 v

2373 3474 2408 3502 liu
2414 3485 2439 3501 m
2451 3485 2496 3508 per
2503 3484 2553 3502 teta
2560 3485 2593 3503 m.

2373 3517 2543 3536 zteriiitiiteni
2553 3511 2587 3536 eli

2375 3543 2553 3571 cicadarum-0
