2650 4142
349 350 742 400 opimum-odue'tivum
768 347 815 383 est
842 350 1053 385 naturali;ei·
1083 349 1304 386 inclinatum,

349 405 674 439 &determinatum
689 398 732 433 ad
748 398 945 443 agendum:
975 410 1041 432 non
1059 405 1178 432 autem
1193 406 1239 429 ex
1258 399 1307 428 in-

349 454 535 487 clinatione
563 452 719 496 principii
752 446 873 494 passivi
891 473 902 490 ,
920 459 1002 492 quia
1019 456 1107 481 tunc
1127 444 1218 479 nulla
1236 443 1305 479 alia

349 504 441 537 foret
456 528 465 543 ‚
481 507 541 534 aut
557 498 622 535 esse
637 497 743 545 posset
762 497 807 532 ibi
821 495 988 544 processio
1002 523 1013 540 ,
1046 493 1102 530 nisi
1122 492 1306 529 naturalis.

351 552 446 587 Nam
487 560 531 584 ex
558 560 658 595 :equo
686 547 805 582 divina
835 545 973 580 essentia
1015 545 1240 579 inclinaretur
1262 539 1308 575 ad

351 598 548 648 quamlibet
561 597 845 644 produftioncm³
859 594 879 629 si
890 606 930 629 ve
943 590 1309 640 processioneina

350 654 461 695 igitur
497 648 706 694 principium
732 643 980 691 produftivum
1006 643 1162 690 Spiritus
1187 639 1311 676 81ηὲῐί

352 711 420 735 non
440 698 623 732 inclinatur
635 695 843 731 naturaliter
871 692 915 728 ad
928 692 1002 739 ejus
1027 690 1309 739 produc‘tionem:

352 760 432 783 cum
450 759 514 781 non
530 746 570 781 sit
583 745 793 792 principium
814 743 1022 778 naturaliter
1047 740 1312 787 productivum.

352 810 392 832 ut
411 795 625 838 inicileeius,
640 795 693 830 sed
710 793 817 828 libere
832 791 1081 837 proiluftivum
1095 815 1105 831 ‚
1133 790 1164 824 8<
1185 789 1312 824 libera-

354 848 435 883 liter
449 845 585 879 donans
598 871 607 887 ,
632 843 714 880 ideo
729 843 884 888 Spiritus
902 839 1021 875 Sanfti
1041 838 1229 884 produftio
1245 847 1312 871 non

355 894 403 932 est
416 898 603 942 generatio
617 920 626 935 ,
654 893 708 928 sed
724 893 864 938 spiratio
882 892 1010 924 amoris
1023 899 1082 934 per
1098 888 1129 923 se
1144 885 1315 922 subsisten-

355 950 405 980 tis
421 972 429 980 .
461 944 546 980 Non
562 942 609 977 est
627 947 735 988 igitur
750 951 872 976 verum
888 941 920 973 in
944 950 989 973 eo
1008 938 1138 985 precise
1153 933 1317 979 distingui

352 997 617 1041 generationem
632 992 675 1026 ab
693 992 769 1026 aliis
784 988 1046 1028 mutationibus,
1057 986 1151 1032 quod
1167 986 1222 1021 illa
1238 993 1307 1019 ter·

356 1046 505 1079 minetur
519 1041 562 1076 :id
588 1040 828 1080 substantiam,
853 1037 907 1072 sed
934 1037 1085 1071 ulterius
1115 1033 1319 1082 requiritur·

360 1104 399 1128 ut
418 1091 629 1127 naturaliter
641 1088 856 1135 producatur
870 1112 880 1128 ‚
905 1096 1081 1132 meatque
1111 1082 1246 1131 utquid
1262 1094 1317 1117 na·

359 1152 434 1177 zum
451 1169 460 1182 ,
476 1152 545 1186 quo
562 1140 668 1173 modo
683 1150 748 1172 non
776 1137 852 1170 exit
877 1136 1031 1181 Spiritus
1058 1134 1236 1171 Sanetus:
1263 1131 1318 1169 sed

359 1189 522 1238 procedit
538 1197 576 1223 ut
592 1200 691 1223 amor
709 1185 887 1221 subsistens
899 1212 907 1227 ‚
919 1185 950 1220 81
966 1184 1117 1231 spiratus
1135 1209 1144 1219 .

417 1238 474 1276 Ad
490 1237 798 1274 confirmationem
813 1247 858 1270 ex
877 1249 906 1281 ς.
922 1233 1024 1281 Phys
1038 1232 1247 1280 respondeo,
1261 1244 1319 1268 ex-

363 1290 441 1326 inde
459 1288 587 1322 debere
603 1299 666 1322 nos
679 1284 873 1335 oppositum
887 1284 1029 1320 inferre:
1061 1288 1228 1320 nonenim
1250 1295 1318 1318 mo-

362 1337 692 1383 tusdistinguurtur
717 1347 825 1382 penes
841 1338 1034 1376 teiminoS‚
1058 1346 1077 1370 n
1094 1332 1116 1369 si
1142 1338 1223 1380 quia
1248 1332 1317 1369 for-

362 1402 425 1426 mae
440 1390 586 1423 fluentes
603 1387 675 1421 sunt
688 1386 834 1432 ejusdcm
855 1388 999 1420 rationis
1016 1395 1096 1417 cum
1114 1383 1233 1418 formis
1248 1394 1316 1419 tei·-

363 1437 653 1474 minantibus:At
674 1439 703 1471 in
719 1436 796 1471 casu
814 1447 883 1470 non
899 1433 946 1469 est
963 1435 1080 1468 fluxus
1097 1432 1247 1479 ejusdem
1262 1443 1318 1466 ra-

361 1492 470 1525 tionis
489 1499 567 1521 cuni
585 1490 746 1522 termino:
762 1497 824 1519 nec
839 1485 946 1520 etiam
964 1485 1021 1517 via
1035 1481 1127 1531 quali
1142 1483 1257 1517 fluxus
1271 1478 1318 1517 est

362 1538 511 1588 ejusdem
527 1540 673 1571 ratfonis
700 1546 781 1569 cum
810 1537 966 1570 terminis
983 1533 1212 1573 formalibus,
1235 1534 1317 1578 quia

361 1592 534 1624 terminus
548 1585 703 1620 formalis
721 1584 767 1619 est
783 1584 951 1619 essentia:
981 1582 1036 1616 illa
1055 1591 1172 1617 autem
1188 1580 1317 1626 produ-

363 1638 459 1679 ξὶῑο,
484 1647 559 1682 quae
573 1633 726 1681 estqiiasi
753 1638 807 1667 via
823 1660 833 1676 ‚
858 1632 906 1666 est
929 1632 1076 1672 relatio,
1107 1642 1148 1665 ac
1172 1629 1317 1677 proinde

363 1699 409 1723 ex
426 1689 558 1721 unitate
574 1686 716 1721 termini
732 1682 890 1720 formalis
904 1708 914 1726 ‚
939 1693 1006 1717 non
1037 1680 1187 1730 sequitur
1203 1682 1317 1716 unitas

361 1733 616 1785 processionum
630 1760 640 1770 .

413 1785 472 1823 Ad
504 1784 689 1819 secundum
721 1781 911 1830 respondeo
934 1779 1000 1816 sic:
1021 1778 1314 1827 Quotiescunque

362 1844 610 1881 comparantur
624 1834 695 1869 duo
714 1833 755 1869 ad
771 1838 912 1870 tertium
927 1831 1139 1866 illimitatum
1151 1856 1161 1873 ‚
1186 1840 1255 1862 non
1270 1827 1317 1862 se-

361 1890 483 1933 quitur
496 1895 539 1918 ex
556 1888 682 1918 unior-e
700 1894 823 1917 eorum
837 1893 916 1917 cum
937 1889 1045 1916 tertio
1063 1882 1147 1914 unio
1176 1889 1319 1913 eorum-

360 1936 439 1971 dem
461 1939 550 1969 inter
566 1933 593 1968 le
610 1958 621 1973 ‚
638 1943 675 1967 ut
690 1931 737 1967 est
751 1931 896 1967 evidens
908 1957 918 1966 .
932 1928 1115 1976 Qoniam
1132 1929 1240 1973 igitur
1253 1926 1318 1961 Pa-

364 1995 418 2021 ter
437 1985 543 2020 habet
561 1982 592 2016 in
611 1983 641 2017 se
656 1981 829 2025 duplicem
856 1979 1121 2015 foecunditatem
1149 1975 1315 2024 persi-eie,

363 2035 397 2070 ἃ
412 2043 562 2079 utraque
593 2029 785 2079 produfflo
810 2027 1056 2074 correspondet
1083 2028 1224 2074 praecise
1253 2027 1314 2062 uni

360 2083 599 2124 fcecunditati‚
629 2080 695 2127 ipse
709 2079 817 2116 Pater
832 2077 987 2126 respefitu
1010 2076 1159 2113 duarum
1184 2076 1316 2123 produ·

365 2135 522 2171 &ionum
541 2129 738 2177 singillatim
753 2129 800 2164 est
815 2129 1010 2165 illimiratus
1024 2152 1036 2169 ,
1064 2137 1105 2161 ac
1129 2135 1316 2173 propterea

369 2195 414 2220 ex
431 2179 577 2229 eoquod
598 2190 745 2225 utraque
757 2177 943 2225 prociufflo
970 2179 1123 2211 univoca
1148 2173 1237 2209 sitin
1255 2176 1314 2211 tali

367 2237 476 2269 tertio
490 2232 665 2267 illimitato
683 2239 752 2263 non
764 2229 988 2276 sequ'tureas
1002 2229 1133 2275 pariter
1150 2223 1215 2261 esse
1229 2224 1316 2272 ejus·

368 2283 447 2318 dem
473 2282 619 2316 rationis
638 2280 726 2313 inter
748 2277 801 2314 se.
829 2277 908 2314 Nec
934 2285 1118 2324 propterea
1133 2276 1228 2321 quod
1254 2274 1319 2308 fint

370 2333 515 2368 alterius
530 2356 540 2372 ‚
563 2328 594 2364 8<
610 2327 752 2362 alterius
781 2329 929 2362 rationis
955 2324 1003 2361 est
1023 2323 1234 2359 inserendum
1248 2349 1259 2365 ‚
1283 2323 1319 2358 &

369 2384 539 2417 terminos
553 2388 674 2412 earum
687 2375 913 2410 consimiliter
925 2374 989 2410 esse
1001 2374 1144 2410 alterius
1159 2378 1319 2416 rationis;

370 2435 450 2478 quia
467 2441 505 2464 ut
520 2427 652 2462 dietum
671 2425 718 2460 est
735 2423 1040 2472 supraproduftio
1055 2427 1086 2458 in
1103 2423 1239 2459 divinis
1254 2434 1320 2460 non

371 2480 419 2516 est
438 2481 554 2515 fluxus
569 2478 706 2521 aliquis,
718 2485 777 2510 aut
791 2474 903 2509 forma
920 2476 1030 2509 fluens
1047 2471 1194 2519 ejusdem
1209 2476 1320 2507 ratio-

371 2534 425 2566 nis
440 2539 517 2564 cum
534 2528 646 2562 forma
659 2536 751 2573 ‚quae
764 2523 811 2560 est
826 2526 997 2559 terminus
1014 2522 1172 2559 formalis
1189 2523 1323 2570 produ-

370 2579 502 2615 &ior-is
530 2590 541 2619 ς
579 2579 658 2624 quia
689 2572 876 2621 produftio
905 2572 952 2608 est
974 2571 1167 2607 formaliter
1195 2573 1322 2607 relatio

369 2629 480 2663 forma
504 2638 588 2661 vero
606 2622 732 2672 queest
745 2627 917 2659 terminus
931 2622 1029 2671 ejus‚
1045 2620 1094 2656 est
1114 2620 1255 2656 essentia
1271 2621 1320 2656 di-

371 2682 470 2718 vina3
484 2687 525 2710 ac
541 2675 685 2722 proinde
702 2684 747 2708 ex
763 2669 968 2708 diversitate
982 2668 1253 2718 produ&ionum
1269 2683 1323 2706 ne·

371 2731 445 2776 quit
465 2724 743 2761 inferrisormalis
756 2720 930 2758 distinam
951 2724 1185 2756 terminorum
1203 2747 1212 2755 .
1226 2720 1322 2758 Ciim

371 2779 478 2813 etiam
495 2780 526 2809 in
540 2777 671 2809 creatis
690 2772 780 2807 idem
799 2771 861 2806 ubi
887 2770 986 2816 possit
1006 2772 1137 2817 acquiri
1166 2781 1228 2815 per
1246 2782 1322 2804 mo·

370 2837 446 2863 tum
461 2823 594 2859 retium
610 2849 620 2866 ‚
650 2822 682 2855 &
710 2821 916 2856 circularem
933 2846 942 2861 ‚
967 2822 1027 2865 qui
1052 2828 1170 2853 tamen
1201 2829 1323 2855 motus

372 2877 446 2911 sunt
470 2877 614 2908 omnino
630 2873 776 2907 alterius
800 2870 949 2918 speciei,
973 2868 1005 2905 ἃ
1029 2868 1323 2919 incomparabiles

370 2939 416 2963 cx
433 2937 464 2971 7.
483 2923 584 2971 Phys»
598 2933 670 2959 tex.
684 2933 709 2957 c,
728 2932 783 2967 23.

422 2973 480 3012 Ad
512 2975 654 3008 tertium
677 2967 875 3016 negandum
897 2965 945 3003 est
961 2993 971 3008 ‚
999 2970 1171 3014 principia
1188 2979 1326 3005 emana-

373 3029 507 3062 tionum
524 3025 613 3058 inter
631 3020 660 3056 sc
679 3020 745 3055 iola
763 3024 900 3054 ratione
927 3016 1091 3061 distingui
1106 3042 1114 3051 .
1142 3016 1236 3052 Cum
1256 3022 1326 3063 pri-

375 3078 435 3111 mo
451 3072 643 3120 probatum
667 3073 752 3116 quia
770 3080 851 3104 cum
879 3067 1002 3116 majori
1020 3064 1242 3102 distinetione
1258 3079 1326 3105 non

378 3123 522 3161 videtur
536 3117 782 3167 compossibilis
793 3115 993 3163 simplicitas
1011 3115 1130 3150 divina
1143 3142 1153 3150 .
1169 3116 1327 3164 Respon-

375 3173 424 3210 sio
438 3199 448 3215 ‚
476 3169 651 3207 distinffio
665 3180 741 3215 quae
755 3167 1011 3203 verl'aturinter
1025 3165 1114 3200 duas
1129 3165 1328 3203 formalita-

378 3234 432 3260 tcs
446 3232 491 3257 ex
507 3231 631 3256 natura
645 3221 694 3254 rei
712 3245 725 3261 ,
751 3228 817 3254 non
843 3217 931 3252 laedit
953 3213 1210 3261 simplicitatem
1237 3214 1329 3251 divi-

381 3284 486 3313 nam,
511 3281 589 3304 cum
606 3278 668 3303 nec
691 3275 864 3313 repugnet
881 3263 1044 3313 intensive
1069 3264 1232 3301 infinitati
1250 3291 1262 3307 ‚
1288 3273 1329 3302 ut

380 3322 468 3359 infra
479 3318 718 3354 declarabitur
731 3342 742 3352 .

433 3370 489 3407 Ad
504 3367 684 3405 secundam
698 3365 947 3412 probationem
962 3362 1168 3410 responde0‚
1194 3364 1330 3400 intelle·

382 3419 461 3456 &tus
477 3418 523 3454 est
542 3418 698 3464 potentia
715 3418 906 3461 operativa
922 3413 978 3456 ,ἃ
997 3412 1208 3459 produEtiva
1225 3424 1331 3459 ;qua-

383 3480 485 3507 tenus
499 3466 546 3504 est
564 3468 774 3513 principium
791 3471 1033 3510 operativum3
1047 3473 1108 3497 nec
1123 3462 1330 3506 intellectus,

383 3531 446 3554 nec
467 3512 790 3564 suppositum‚cujus
807 3511 855 3550 est
872 3510 964 3547 aetio
980 3538 991 3553 ,
1007 3512 1112 3548 habet
1125 3512 1328 3547 relationem

383 3568 513 3607 realem
530 3565 575 3603 ad
586 3566 832 3610 operationem
847 3560 975 3596 realem
989 3587 1000 3603 ‚
1024 3572 1100 3607 quae
1112 3569 1192 3596 nata
1204 3561 1254 3598 est
1267 3560 1330 3598 esse

384 3620 418 3654 in
435 3617 514 3665 iplb3
532 3615 634 3662 idque
649 3616 682 3648 in
703 3612 784 3650 Deo
801 3611 994 3647 duntaxat.
1012 3611 1066 3646 Ut
1080 3623 1165 3647 veio
1181 3610 1228 3648 est
1242 3612 1336 3659 prin-

384 3672 517 3712 cipium
534 3661 810 3711 produftivum,
833 3659 892 3696 etsi
916 3660 981 3705 ipse
998 3672 1064 3695 non
1093 3660 1225 3696 habeat
1250 3661 1338 3696 rela-

385 3717 516 3753 tionem
534 3714 660 3749 realem
673 3711 718 3746 ad
736 3709 949 3758 productum
962 3736 973 3752 ,
989 3714 1071 3758 quia
1085 3708 1180 3746 idem
1195 3708 1242 3745 est
1256 3721 1336 3755 pro-

386 3763 498 3800 dufio
517 3776 528 3805 ς
546 3774 608 3797 nec
621 3761 664 3797 ad
681 3758 1089 3809 produitionemaeadem
1102 3759 1145 3794 de
1154 3758 1266 3802 causa3
1281 3770 1335 3796 ta-

388 3826 464 3850 men
479 3811 690 3859 {producens
714 3811 782 3856 ipsa
808 3809 980 3843 relatione
1007 3808 1092 3844 reali
1119 3808 1266 3844 refertur
1291 3809 1336 3843 ad

384 3860 602 3913 proilufkum
620 3870 766 3909 propter
785 3858 915 3896 realem
929 3856 1189 3896 distink'tionem
1201 3869 1335 3894 eorum.

924 254 1185 322 Summae
1194 247 1237 332 J
1239 272 1355 318 orm

1361 250 1455 315 nis
1481 247 1650 315 Duns
1669 247 1834 316 Scoti
1851 294 1868 313 .

1523 363 1738 401 ITERUM
1768 363 2084 401 ARTICULUS
2112 362 2180 399 IV.

1484 441 1619 478 Utrum
1633 438 1800 488 processio
1813 441 1944 473 amoris
1962 442 1991 472 in
2009 438 2153 473 Divinis
2171 435 2213 472 fit

1744 499 1929 534 generatio
1948 512 1958 522 .

1411 588 1539 627 Datioi·
1552 614 1564 631 ‚
1574 587 1613 629 2⁷5
1625 590 1665 625 S.
1686 587 1805 624 Thom.
1819 587 1903 620 locis
1917 585 2069 620 articulo
2076 583 2294 631 praecedenti

1781 645 1907 671 cttatxs
1918 661 1927 670 .

1499 734 1709 773 IDETUR
1727 734 1896 783 processio
1908 734 2041 769 amoris
2064 735 2097 768 in
2125 732 2255 768 divinis
2272 729 2337 766 esse

1509 787 1702 833 generatio
1716 813 1725 821 .
1754 785 1935 831 Siquidem
1952 792 2080 818 natura
2094 783 2142 831 est
2164 785 2222 818 vis
2234 779 2338 824 inlita

1377 836 1484 874 rebus
1499 833 1878 881 exfimilibusstmilia
1896 843 2088 882 procreans
2099 860 2109 874 ‚
2128 832 2232 879 juxta
2248 842 2340 865 com-

1382 897 1522 921 munem
1544 885 1818 930 descriptionem
1837 893 1989 919 naturae:
2008 882 2079 916 Sed
2090 882 2243 928 Spiritus
2254 880 2343 915 San-

1382 934 1462 969 &us
1479 935 1527 971 est
1545 934 1663 970 similis
1682 934 1922 980 producenti,
1943 932 2025 967 cum
2053 931 2181 967 habeat
2192 928 2342 966 eandem

1383 994 1547 1020 naturam
1562 995 1642 1019 cum
1660 985 1718 1018 illo
1734 997 1745 1026 ς
1775 994 1863 1027 ergo
1878 982 1979 1030 ipsius
2010 979 2198 1025 produaio
2215 977 2263 1014 est
2280 989 2343 1024 per

1385 1044 1568 1076 naturam,
1595 1045 1636 1070 ac
1650 1032 1792 1069 subinde
1811 1032 1971 1080 Spiritus
1988 1029 2087 1067 Sai‘sti
2105 1028 2273 1078 processio
2293 1026 2342 1063 est

1383 1086 1565 1130 generatio
1581 1109 1590 1119 .

1435 1131 1605 1168 Praeterea
1619 1160 1629 1175 ‚
1661 1132 1700 1168 Si
1714 1134 1842 1168 amoris
1873 1129 2040 1177 processio
2065 1131 2098 1165 in
2114 1129 2247 1166 divinis
2273 1140 2342 1164 non

1384 1181 1474 1217 foret
1499 1185 1683 1228 generatio
1700 1209 1710 1224 ‚
1736 1182 1888 1216 maxime
1915 1185 1994 1226 quia
2020 1178 2038 1215 a
2055 1178 2201 1215 diversis
2216 1191 2342 1225 proce-

1384 1232 1470 1267 dunt
1488 1232 1668 1278 principiis
1685 1259 1695 1275 ‚
1722 1232 1779 1266 illa
1807 1234 1971 1265 nimirum
1985 1230 2029 1264 ab
2042 1228 2217 1266 intelleftu
2235 1256 2245 1271 ‚
2271 1228 2343 1264 haee

1388 1293 1474 1317 vero
1494 1280 1538 1317 de
1553 1281 1747 1316 voluntatis
1770 1278 1989 1327 expressione
2007 1279 2133 1315 exiens
2148 1307 2157 1316 .
2188 1279 2228 1314 Id
2254 1281 2342 1314 vero

1386 1329 1533 1368 videtur
1544 1332 1644 1377 plane
1660 1330 1778 1366 falsum
1793 1343 1804 1373 ς
1821 1341 1899 1365 nam
1913 1327 1998 1365 ficut
2014 1328 2086 1363 duo
2105 1330 2257 1365 limitata
2277 1329 2343 1364 esse

1382 1378 1682 1429 possuntdiiorum
1697 1379 1839 1414 aetnam
1869 1381 2037 1425 principia
2051 1406 2062 1420 ,
2086 1382 2137 1416 ita
2170 1379 2259 1415 idem
2278 1379 2342 1414 illi·

1383 1435 1552 1467 mitatum
1568 1434 1753 1465 continens
1777 1433 1810 1464 in
1841 1429 1871 1463 se
1902 1428 2099 1464 virtualiter
2128 1430 2196 1477 ipsa
2226 1428 2341 1475 plura,

1382 1479 1498 1527 potest
1514 1480 1574 1514 sub
1587 1478 1862 1526 una‚eademque
1882 1479 2017 1514 ratione
2033 1481 2064 1513 in
2081 1478 2181 1514 aetus
2196 1490 2334 1522 eorum,

1379 1541 1456 1576 quae
1473 1533 1519 1565 ita
1542 1534 1719 1571 continet,
1745 1538 1786 1563 ut
1809 1528 1857 1563 est
1881 1527 2024 1562 evidens
2043 1530 2073 1563 in
2103 1530 2166 1564 sole
2184 1528 2340 1574 respeetu

1383 1579 1579 1613 multorum
1594 1577 1848 1623 generablium
1862 1579 1892 1612 in
1909 1577 1979 1612 istis
1998 1579 2246 1621 infer30ribus;
2269 1581 2339 1620 igi-

1380 1638 1438 1664 tur
1455 1625 1600 1663 essentia
1615 1626 1734 1661 divina
1751 1625 2013 1660 illimitatissima
2030 1626 2080 1662 est
2093 1628 2153 1661 sub
2168 1639 2234 1663 una
2252 1629 2340 1663 indi-

1382 1676 1503 1715 stinfta
1515 1679 1651 1712 ratione
1664 1675 1903 1710 immediatum
1915 1677 2122 1721 principium
2136 1676 2339 1712 divinarum

1382 1726 1663 1768 emanationum3
1681 1736 1767 1771 ergo
1786 1725 1837 1761 hae
1850 1727 1984 1761 ratione
1997 1726 2249 1774 principiorum
2269 1739 2339 1763 non

1385 1775 1674 1821 distinguuntur.

1430 1825 1677 1861 Confirmatiir
1692 1851 1700 1860 .
1723 1823 1820 1860 Nam
1846 1829 1992 1860 omnino
2009 1825 2211 1872 ponendum
2226 1827 2273 1863 est
2289 1827 2345 1862 di·'

1383 1877 1502 1911 vinam
1513 1873 1690 1911 essentiam
1713 1873 1777 1909 esse
1806 1873 2075 1922 quodammodo
2106 1877 2279 1919 radicem,
2306 1877 2340 1913 8:

1382 1927 1593 1972 principium
1607 1927 1766 1959 omnium
1785 1923 2040 1969 perfectionum
2064 1926 2338 1971 attributalium‚

1384 1975 1418 2010 &
1435 1974 1578 2023 quidem
1593 1973 1650 2008 sub
1679 1972 1803 2009 eadem
1819 1978 1949 2010 ratione
1963 2001 1973 2016 ‚
2001 1974 2155 2020 alioquin
2173 1975 2339 2022 procede·

1383 2033 1482 2060 retur
1498 2027 1531 2059 in
1546 2022 1721 2059 infinitum
1733 2049 1744 2066 ‚
1754 2021 1775 2056 fi
1792 2025 1976 2071 unicuique
1989 2024 2246 2061 attributorum
2260 2037 2338 2060 eor-

1384 2073 1608 2121 responderet
1623 2076 1766 2121 propria
1782 2072 1929 2116 radix‚&
1946 2071 2089 2109 formale
2109 2077 2337 2122 principiumg

1384 2135 1470 2169 ergo
1483 2123 1604 2159 eadem
1619 2127 1750 2158 ratione
1779 2123 1848 2169 ipsa
1873 2121 1922 2158 est
1948 2123 2187 2159 immediatum
2214 2128 2340 2169 princi-

1384 2177 1481 2220 pium
1503 2172 1652 2207 duarum
1679 2171 1954 2218 produtftionum
1974 2186 1984 2213 3
2007 2173 2053 2208 ab
2075 2184 2199 2207 earum
2229 2174 2343 2221 igitur

1385 2225 1566 2271 principiis
1578 2221 1705 2256 nullam
1722 2222 1885 2257 hauriunt
1901 2220 2158 2258 distine'tionern
2172 2248 2182 2258 .

1435 2271 1623 2313 CONTRA,
1638 2268 1854 2316 Augustinus
1870 2284 2027 2319 3.contra
2046 2271 2340 2317 Maxim.cap.14.

1387 2322 1453 2359 De
1465 2323 1575 2358 Patre
1589 2320 1634 2367 est
1650 2321 1824 2364 Filius,de
1832 2322 1948 2358 Patre
1964 2320 2344 2369 estSpr'ritusSaanui3

1373 2372 1448 2421 sed
1464 2371 1526 2407 ille
1535 2373 1682 2417 genitus
1694 2370 1752 2419 est,
1764 2370 1826 2417 rste
1835 2372 2036 2420 procedens.
2051 2372 2135 2409 Ideo
2148 2372 2212 2407 ille
2227 2372 2343 2408 Filius

1385 2420 1433 2468 est
1446 2423 1571 2458 Patris
1582 2447 1592 2462 ,
1605 2421 1648 2454 de
1663 2432 1727 2467 quo
1739 2420 1786 2468 est
1796 2424 1955 2467 genitus,
1966 2420 2028 2467 isse
2042 2432 2160 2457 aurem
2177 2423 2350 2469 Spiritus*

1386 2471 1435 2518 est
1448 2470 1656 2517 atriisque:
1671 2474 1834 2517 quoniam
1845 2471 1889 2504 de
1902 2481 2052 2517 utroque
2063 2469 2343 2518 procedit-Quia

1387 2518 1727 2567 ergosinafierelur
1739 2547 1750 2561 ‚
1762 2521 1803 2554 de
1818 2520 1980 2556 ambobus
1993 2523 2117 2566 urique
2127 2520 2344 2565 nasceretur,

1374 2569 1454 2615 fine
1466 2570 1572 2604 dubio
1587 2569 1703 2606 Filius
1718 2570 1899 2605 sisteretur
1913 2569 2103 2604 amborum.
2119 2569 2179 2604 Ac
2189 2578 2254 2614 per
2267 2569 2340 2612 hoc,

1388 2623 1473 2668 quia
1492 2619 1605 2656 Filius
1618 2619 1799 2654 amborum
1810 2619 1905 2654 nullo
1919 2619 2015 2654 modo
2029 2617 2087 2662 est,
2105 2624 2170 2652 ‘mn
2183 2622 2343 2665 oportuit

1387 2670 1485 2717 nasci
1498 2681 1574 2704 eum
1587 2668 1628 2702 de
1640 2668 1803 2705 ambobus
1818 2695 1825 2703 .
1841 2669 2044 2704 Amborum
2057 2666 2104 2714 est
2120 2680 2204 2714 ergo
2217 2670 2344 2714 Spiri-

1386 2729 1445 2755 tus
1457 2719 1607 2757 Sanffus
1618 2744 1629 2759 ‚
1636 2718 1855 2765 procedendo
1863 2719 1905 2754 dc
1922 2716 2271 2753 ambobus.Proceslio
2285 2729 2343 2755 er-

1385 2783 1435 2819 go
1447 2771 1577 2803 amoris
1596 2767 1690 2802 nullo
1707 2768 1812 2802 modo
1827 2767 1874 2803 est
1885 2772 2067 2813 generatio
2084 2792 2093 2801 .

1441 2817 1688 2858 Rewouoeu,
1700 2817 1830 2862 dogma
1842 2821 1960 2863 utique
1979 2815 2059 2852 fidei
2078 2815 2144 2851 esse
2160 2814 2344 2862 processio-

1387 2880 1466 2905 nem
1479 2895 1489 2911 ,
1502 2879 1568 2915 qua
1585 2869 1687 2902 tertia
1701 2866 1839 2913 persona
1852 2863 2039 2911 prot-edita
2059 2864 2165 2901 Patre
2183 2892 2194 2909 ‚
2218 2867 2251 2901 8<
2283 2865 2342 2901 Fi-

1387 2919 1437 2953 lio
1457 2921 1490 2952 in
1508 2917 1640 2952 divinis
1653 2943 1663 2958 ‚
1687 2918 1831 2951 omnino
1848 2915 1987 2951 differre
2003 2914 2046 2950 ab
2062 2926 2105 2949 ea
2119 2941 2129 2956 ‚
2147 2927 2214 2961 qua
2227 2917 2345 2951 secun·

1386 2968 1433 3003 da
1453 2967 1596 3003 Persona
1615 2965 1724 3001 exitii
1742 2965 1847 3002 Patre
1861 2991 1869 2999 .
1897 2966 2140 3002 Veruntamen
2151 2965 2251 3000 causa
2269 2965 2344 3013 ejus

1389 3015 1592 3052 differeiitiae
1605 3014 1741 3051 diversa
1755 3013 1902 3050 diversis
1928 3012 1992 3049 esse
2023 3013 2184 3049 videtur.
2216 3014 2338 3061 Aliqui

1392 3071 1500 3113 igitur
1511 3074 1639 3112 putant
1664 3075 1709 3098 ex
1726 3076 1770 3100 eo
1793 3068 1909 3109 capite
1927 3061 2118 3110 petendam
2142 3061 2227 3106 esse,
2249 3063 2345 3111 quod

1391 3117 1501 3153 altera
1518 3115 1652 3149 illarum
1667 3112 1923 3159 processionum
1935 3139 1946 3154 ,
1976 3112 2101 3149 scilicet
2119 3112 2261 3159 spiratio
2277 3113 2344 3150 esse

1390 3174 1500 3212 queat
1517 3175 1596 3199 cum
1611 3164 1839 3199 relationibus
1855 3161 2024 3209 oppositis
2038 3189 2049 3205 ‚
2073 3172 2116 3196 ac
2134 3163 2277 3198 realiter
2292 3163 2345 3198 di-

1393 3213 1526 3251 stin5tis
1539 3225 1548 3247 :
1563 3215 1738 3258 reperitur
1753 3213 1844 3248 enim
1858 3223 1983 3248 revera
2002 3222 2084 3246 curri
2096 3209 2262 3248 filiatione
2277 3239 2288 3254 ‚
2305 3223 2345 3248 ac

1394 3266 1608 3313 paternitate
1622 3274 1633 3303 ς
1653 3262 1759 3297 altera
1774 3273 1860 3296 vero
1873 3271 1950 3308 quae
1961 3260 2008 3295 est
2022 3265 2204 3306 generatio
2215 3261 2348 3304 aaiva.

1393 3313 1460 3350 esse
1473 3323 1540 3348 non
1555 3309 1667 3359 potest
1681 3323 1760 3347 cum
1774 3311 1954 3347 filiatione.
1966 3309 2117 3352 Contra,
2129 3308 2152 3345 si
2171 3311 2234 3358 hec
2256 3311 2348 3347 foret

1395 3364 1488 3399 ratio
1503 3360 1637 3407 praecisa
1653 3360 1861 3397 discriminis
1877 3358 2126 3408 processionum
2144 3372 2156 3403 ς
2178 3362 2285 3406 igitur
2299 3360 2349 3394 es-

1397 3412 1429 3446 se
1446 3410 1581 3458 possunt
1610 3408 1736 3460 infinite
1762 3410 1912 3457 personae
1938 3409 1981 3444 ad
2007 3410 2159 3446 invicem
2173 3408 2348 3445 distinete.

1395 3460 1494 3499 Nam
1507 3458 1592 3496 sicut
1619 3462 1653 3494 in
1677 3473 1720 3496 eo
1747 3459 1974 3507 distinguitur
1993 3463 2105 3505 prima
2125 3457 2306 3506 produftio
2328 3457 2349 3494 a

1402 3509 1553 3546 secunda
1567 3536 1578 3552 ‚
1607 3514 1687 3556 quia
1702 3510 1764 3558 hec
1775 3510 1840 3545 siat
1863 3520 1943 3544 cum
1957 3508 2190 3543 relationibus
2211 3506 2350 3556 opposi-

1403 3561 1451 3595 tis
1463 3587 1474 3603 ‚
1500 3571 1579 3595 cum
1592 3560 1721 3607 quibus
1736 3573 1802 3596 non
1813 3559 1862 3596 est
1883 3557 2127 3607 compossibilis
2145 3561 2257 3602 prima
2271 3569 2351 3606 pro·

1402 3610 1522 3646 duffio
1537 3635 1548 3652 ,
1564 3607 1634 3644 sive
1649 3614 1831 3655 generatio
1844 3623 1855 3652 ;
1867 3620 1952 3654 ergo
1968 3618 2036 3642 non
2053 3616 2263 3653 repugnaret
2278 3615 2350 3643 ter-

1403 3662 1455 3695 tia
1469 3657 1678 3708 ρτοάυξὶῐο,
1701 3671 1767 3708 que
1792 3658 1905 3695 adhuc
1917 3655 2187 3702 distingueretur
2214 3654 2232 3692 a
2263 3654 2352 3692 dua-

1402 3709 1469 3744 bus
1484 3736 1494 3753 ,
1510 3711 1601 3756 bquia
1615 3708 1683 3754 ipsa
1697 3709 1809 3744 secum
1823 3714 2082 3752 compateretur
2106 3714 2181 3742 tres
2203 3705 2350 3741 relatio-

1402 3771 1464 3794 nes
1479 3786 1490 3801 ‚
1518 3757 1649 3805 quibus
1665 3758 1755 3793 foret
1770 3754 2051 3802 incompossibilis
2064 3754 2206 3790 secunda
2224 3756 2350 3801 produ-

1402 3807 1475 3844 aio
1489 3834 1497 3843 .
1511 3806 1651 3844 Deinde
1664 3834 1675 3850 ‚
1700 3807 1780 3843 ideo
1805 3804 1934 3852 aliquid
1947 3803 1994 3839 est
2007 3803 2243 3849 compossibile
2256 3830 2267 3847 ‚
2293 3805 2349 3841 vel

1401 3856 1672 3904 incompoffibiie
1688 3859 1811 3900 alteri.
1835 3857 1916 3903 quia
1930 3853 2036 3902 ipsum
2049 3852 2096 3890 est
2107 3854 2177 3890 tale
2188 3857 2223 3889 in
2242 3852 2272 3889 se
2285 3880 2296 3895 ‚
2317 3854 2350 3889 ἃ.

2235 3913 2301 3938 non

2372 742 2397 762 ι.
2411 730 2473 762 diii.
2487 742 2529 763 ιο,
2543 735 2576 764 in

2367 781 2476 809 argum.
2495 773 2579 813 prin-

2369 811 2455 850 eripal-

2381 2264 2460 2301 Mag.
2469 2262 2509 2291 ’1.
2529 2266 2590 2300 dist.

2385 2311 2396 2332 Ι
2405 2310 2416 2336 5
2424 2311 2492 2342 aeap.
2497 2306 2586 2336 Iniere

2389 2975 2434 3005 Est
2458 2978 2592 3008 sententie

2385 3015 2513 3045 Goffredi
2530 3017 2592 3047 in„

2385 3054 2564 3092 Qodlibetis

2385 3101 2413 3128 ⁴·
2428 3103 2456 3130 q·
2469 3102 2495 3130 3·
2517 3097 2551 3124 Ψ
2562 3099 2592 3126 70

2385 3140 2450 3168 ’,4.
